@Misc{BSD:License:2clause,
  key =		 {BSD-2},
  author =	 {{The FreeBSD Project}},
  title =	 {Simplified {BSD} License},
  note =	 {(Two clause version)}
}

@Misc{BSD:License:3clause,
  key =          {BSD-3},
  author =	 {{University of California, Berkeley}},
  title =	 {New {BSD} License},
  month =	 jul,
  year =	 1999,
  note =	 {(Three-clause version)}
}

@Misc{BSD:License:4clause,
  key =          {BSD-4},
  author =	 {{University of California, Berkeley}},
  title =	 {{BSD} License},
  year =	 1982,
  note =	 {(Four-clause version,
                  clause 3 was officially deleted in 1999)}
}

@Misc{GNU:AGPL-3,
  author =       "{Free Software Foundation}",
  title =	 "{GNU} {Affero} {General} {Public} {License}",
  key =		 "GNU:AGPL-3",
  month =	 nov,
  year =	 2007,
  note =	 "(Version 3)"
}

@Misc{GNU:FDL-1.1,
  author =       "{Free Software Foundation}",
  title =	 "{GNU} {Free} {Documentation} {License}",
  key =		 "GNU:FDL-1.1",
  month =	 mar,
  year =	 2000,
  note =	 "(Version 1.1)"
}

@Misc{GNU:FDL-1.2,
  author =       "{Free Software Foundation}",
  title =	 "{GNU} {Free} {Documentation} {License}",
  key =		 "GNU:FDL-1.2",
  month =	 nov,
  year =	 2002,
  note =	 "(Version 1.2)"
}

@Misc{GNU:GPL-1,
  author =       "{Free Software Foundation}",
  title =	 "{GNU} {General} {Public} {License}",
  key =		 "GNU:GPL-1",
  month =	 feb,
  year =	 1989,
  note =	 "(Version 1)"
}

@Misc{GNU:GPL-2,
  author =       "{Free Software Foundation}",
  title =	 "{GNU} {General} {Public} {License}",
  key =		 "GNU:GPL-2",
  month =	 jun,
  year =	 1991,
  note =	 "(Version 2)"
}

@Misc{GNU:GPL-3,
  author =       "{Free Software Foundation}",
  title =	 "{GNU} {General} {Public} {License}",
  key =		 "GNU:GPL-3",
  month =	 jun,
  year =	 2007,
  note =	 "(Version 3)"
}

@Misc{GNU:LGPL-2,
  author =       "{Free Software Foundation}",
  title =	 "{GNU} {Library} {General} {Public} {License}",
  key =		 "GNU:LGPL-2",
  month =	 jun,
  year =	 1991,
  note =	 "(Version 2)"
}

@Misc{GNU:LGPL-2.1,
  author =       "{Free Software Foundation}",
  title =	 "{GNU} {Lesser} {General} {Public} {License}",
  key =		 "GNU:LGPL-2.1",
  month =	 feb,
  year =	 1999,
  note =	 "(Version 2.1)"
}

@Misc{GNU:LGPL-3,
  author =       "{Free Software Foundation}",
  title =	 "{GNU} {Lesser} {General} {Public} {License}",
  key =		 "GNU:LGPL-3",
  month =	 jun,
  year =	 2007,
  note =	 "(Version 3)"
}

@Misc{MIT:License,
  key =		 {MIT},
  author =	 {{Massachusetts Institute of Technology}},
  title =	 {The {MIT} License},
  year =	 1988
}
