@Misc{ACE-WEB,
  author =	 {Douglas Schmidt},
  title =	 {The {ACE} Library Webpage},
  howpublished = {\texttt{http://www.cs.wustl.edu/\~{}schmidt/ACE.html}}
}

@Misc{ACG,
  author =	 {Matt Stephens},
  title =	 {Automated Code Generation},
  howpublished = {\texttt{http://www.softwarereality.com/programming/code\_generation.jsp}}
}

@Misc{ACS-CONT,
  author =	 {{ACS} Community},
  title =	 {{ACS} Contributed Code},
  howpublished = {\texttt{http://almasw.hq.eso.org/almasw/bin/view/ACS/ACSContributedCode}}
}

@Misc{ALMA-WEB,
  author =	 {ALMA Project},
  title =	 {The {ALMA} Webpage},
  howpublished = {\texttt{http://www.almaobservatory.org}}
}

@Misc{CORBA-WEB,
  author =	 {{Object Management Group}},
  title =        {{CORBA}},
  howpublished = {\texttt{http://www.corba.org}}
}

@Misc{EMF-WEB,
  author =	 {The Eclipse Foundation},
  title =        {Eclipse Modeling Project},
  howpublished = {\texttt{http://www.eclipse.org/modeling/}}
}

@Misc{GCC-WEB,
  author =	 {{GNU} Project},
  title =	 {{GCC}, the {GNU} {Compiler} {Collection} Web Page},
  howpublished = {\texttt{http://gcc.gnu.org}}
}

@Misc{HPT-WEB,
  author =	 {Ruhr-Universit\"at Bochum},
  title =        {Hexapod - Telescope},
  howpublished = {\texttt{http://www.astro.ruhr-uni-bochum.de/astro/oca/hpt.html}}
}

@Misc{INT:_carmac,
  author =	 {{Interactive Network Technologies, Inc.}},
  title =	 {Carmac Chart Toolkit},
  howpublished = {\texttt{http://www.int.com/products/2d/carnac/chart\_component.htm}}
}

@Misc{JACORB-WEB,
  author =	 {Andre Spiegel},
  title =	 {The {jac} {ORB} Web Page},
  howpublished = {\texttt{http://www.jacorb.org}}
}

@Misc{KDE-WEB,
  key =          {KDE},
  author =	 {{K Desktop Environment e.V.}},
  title =	 {K {Desktop} {Environment}},
  howpublished = {\texttt{http://www.kde.org}}
}

@Misc{LegoNXT,
  title =	 {{Lego} {Mindstorms}},
  howpublished = {\texttt{http://mindstorms.lego.com/}}
}

@Misc{MICO-WEB,
  author =	 {{Object} {Security}},
  title =	 {{MICO} Web Page},
  howpublished = {\texttt{http://www.mico.org}}
}

@Misc{OAW-WEB,
  author =	 {{openArchitectureWare}},
  title =	 {{openArchitectureWare} Web Page},
  howpublished = {\texttt{www.openarchitectureware.org}}
}

@Misc{OMG-IDL,
  author =	 {{Object Management Group}},
  title =	 {{CORBA} 3.0 -- {OMG} {IDL} Syntax and Semantics Chapter)},
  howpublished = {\texttt{http://www.omg.org/cgi-bin/doc?formal/02-06-39}}
}

@Misc{OMG-WEB,
  author =	 {{Object Management Group}},
  title =	 {{Object} {Management} {Group}},
  howpublished = {\texttt{http://www.omg.org}}
}

@Misc{OMGCCM06,
  author =	 {{Object Management Group}},
  title =	 {{CORBA} {Component} {Model}, v4.0},
  howpublished = {\texttt{http://www.omg.org/technology/documents/formal/components.htm}}
}

@Misc{OMNIORB-WEB,
  author =	 {Duncan Grisby},
  title =	 {The {omniORB} Web Page},
  howpublished = {\texttt{http://omniorb.sourceforge.net}}
}

@Misc{ORTS,
  title =	 {{ORTS} -- {A} Free Software {RTS} Game Engine},
  howpublished = {\texttt{http://www.cs.ualberta.ca/\~{ }mburo/orts/}}
}

@Misc{OgreODE,
  title =	 {{OgreODE}},
  howpublished =
                  {\texttt{http://www.ogre3d.org/wiki/index.php/OgreODE}}
}

@Misc{QNXPress07:_open_source,
  author =	 {Paul Leroux},
  title =	 {{QNX} Publishes {Neutrino} Source Code
                  and Opens Development Process},
  year =	 2007,
  month =	 sep,
  howpublished = {\texttt{http://www.qnx.com/news/pr\_2471\_1.html}}
}

@Misc{RE-WEB,
  author =	 {M.G.J. van den Brand and
                  P. Klint and
                  C. Verhoef},
  title =	 {Reverse Engineering and System Renovation},
  year =	 1996,
  month =	 jul,
  howpublished = {\texttt{http://www.cs.vu.nl/~x/reeng/REanno.html}}
}

@Misc{RTCoreLinux,
  author =       {Wind River},
  title =        {Real-Time Core for {Linux}},
  howpublished = {\texttt{http://www.windriver.com/products/platforms/real-time\_core}}
}

@Misc{RTLinuxFree,
  author =       {Wind River},
  title =        {{RTLinux} {Free} Web Page},
  howpublished = {\texttt{http://www.rtlinuxfree.com}}
}

@Misc{SpringRTS,
  title =	 {The {Spring} {Project}},
  howpublished = {\texttt{http://springrts.com/}}
}

@Misc{TAO-WEB,
  author =	 {Douglas Schmidt},
  title =	 {The {ACE} {ORB} Webpage},
  howpublished = {\texttt{http://www.cs.wustl.edu/\~{}schmidt/TAO.html}}
}

@Misc{UMBRELLO-WEB,
  author =	 {UML-Devel},
  title =	 {The {Umbrello} {UML} Modeller Web Page},
  howpublished = {\texttt{http://uml.sourceforge.net}}
}

@Misc{UML-WEB,
  author =	 {{Object Management Group}},
  title =	 {{Unified} {Modeling} {Language}},
  howpublished = {\texttt{http://www.uml.org}}
}

@Misc{XSLT-WEB,
  author =	 {W3C},
  title =	 {{XSL} Transformations ({XSLT})},
  howpublished = {\texttt{http://www.w3.org/TR/xslt}}
}

@Misc{YodaikenNN:_rt_linux,
  author =	 {V. Yodaiken and
                  M. Barabanov},
  title =	 {A Real-Time {Linux}},
  howpublished = {\texttt{http://rtlinux.cs.nmt.edu/rtlinx/u.pdf}},
  url =		 "citeseer.ist.psu.edu/6239.html"
}

@Misc{asanuma:_gnuplot++,
  author =	 {Jun Asanuma},
  title =	 {{gnuplot++}: Gnuplot {API} using {C++}},
  howpublished = {\texttt{http://www.suiri.tsukuba.ac.jp/~asanuma/gnuplot++}}
}

@Misc{bellard:_qemu,
  author =	 {Fabrice Bellard},
  title =	 {{QEMU} Open Source Processor Emulator},
  howpublished = {\texttt{http://www.qemu.org}}
}

@Misc{bipm:_locations_tai,
  author =	 {{Bureau International des Poids et Mesures}},
  title =	 {Acronyms and Locations of the Timing Centres
                  which Maintain a Local Approximation of {UTC},
                  {UTC(k)} and/or Independent Local Time Scale, {TA(k)}},
  howpublished = {\texttt{ftp://ftp2.bipm.org/pub/tai/publication/acronyms.pdf}}
}

@Misc{bipm:_si,
  author =	 {{Bureau International des Poids et Mesures}},
  title =	 {The {International} {System} of {Units} {(SI)}},
  year =	 2006,
  month =	 may,
  edition =	 {Eight}
}

@Misc{bipm:_tai,
  author =	 {{Bureau International des Poids et Mesures}},
  title =	 {{International} {Atomic} {Time}},
  howpublished = {\texttt{http://www.bipm.org/en/scientific/tai/tai.html}}
}

@Misc{bipm:_webpage,
  author =	 {{Bureau International des Poids et Mesures}},
  title =        {Homepage},
  howpublished = {\texttt{http://www.bipm.org/}}
}

@Misc{bleyer:_gnu_arm_toolchain,
  author =	 {Bleyer Kocik, Pablo},
  title =	 {{GNU} {ARM} Toolchain for {Cygwin}, {Linux} and {MacOS}},
  howpublished = {\texttt{http://www.gnuarm.com}}
}

@Misc{campagnola:_pyqtgraph,
  author =	 {Luke Campagnola},
  title =	 {{PyQtGraph} Scientific Graphics Library},
  howpublished = {\texttt{https://launchpad.net/pyqtgraph}}
}

@Misc{coccinelle,
  key =		 {Coccinelle},
  title =	 {Coccinelle:
                  A Program Matching and Transformation Tool
                  for Systems Code},
  howpublished = {\texttt{http://coccinelle.lip6.fr}}
}

@Misc{dalesio93:_epics,
  author =	 {L.R. Dalesio and
                  M. R. Kraimer and
                  A. J. Kozubal},
  title =	 {{EPICS} Overview},
  howpublished = {\texttt{http://www.aps.anl.gov/epics/docs/general.php}}
}

@Misc{debian:_emdebian,
  author =	 {{The Embedded Debian Project}},
  title =	 {The Home of the Embedded {Debian} Project},
  howpublished = {\texttt{http://www.emdebian.org}}
}

@Misc{designer:_john_ripper_passw_crack,
  author =	 {Solar Designer},
  title =	 {John the {Ripper} Password Cracker},
  howpublished = {\texttt{http://www.openwall.com/john}}
}

@Misc{diestel05:_graph_theor,
  author =	 {Diestel, Reinhard},
  title = 	 {Graph Theory},
  howpublished = {\url{http://www.math.uni-hamburg.de/home/diestel/books/graph.theory/GraphTheoryIII.pdf}},
  year = 	 2005,
  edition =	 {Electronic edition 2005}
}

@Misc{elmer:_jcckit,
  author =	 {Franz-Josef Elmer},
  title =	 {{JCCKit}: A Chart Construction Kit for the {Java} Platform},
  howpublished = {\texttt{http://jcckit.sourceforge.net}}
}

@Misc{faylor:_cygwin,
  author =	 {Christopher Faylor and
                  Corinna Vinschen},
  title =	 {Cygwin Home Page},
  howpublished = {\texttt{http://www.cygwin.com}}
}

@Misc{fischer:_yagarto,
  author =	 {Michael Fischer},
  title =	 {{YAGARTO}: Yet Another {GNU} {ARM} Toolchain},
  howpublished = {\texttt{http://yagarto.de}}
}

@Misc{gilbert:_jfreechart,
  author =	 {David Gilbert},
  title =	 {{JFreeChart}},
  howpublished = {\texttt{http://www.jfree.org/jfreechart}}
}

<<<<<<< HEAD
@Misc{gnu-arm,
  author       = {{GNU}},
  title        = {{GNU}-{ARM} project},
  howpublished = {\texttt{http://www.gnuarm.com}}
=======
@Misc{hammerlindl:_asymptote_home,
  author =	 {Andy Hammerlindl and
                  John Bowman
                  and Tom Prince},
  title =	 {Asymptote},
  howpublished = {\texttt{http://asymptote.sourceforge.net}}
}

@Misc{harju07:_lect_notes_graph_theory,
  author =	 {Harju, Tero},
  title =	 {Lecture Notes on Graph Theory},
  howpublished = {\url{http://users.utu.fi/harju/graphtheory/graphtheory.pdf}},
  year =	 2007
>>>>>>> cd57244ce116340bb64cd6956fd4fd9366702f65
}

@Misc{hunter:_matplotlib,
  author =	 {John Hunter and
                  Darren Dale and
                  Michael Droettboom},
  title =	 {{matplotlib}: A {Python} {2D} Plotting Library},
  howpublished = {\texttt{http://matplotlib.sourceforge.net}}
}

@Misc{iers08:_2009_leapsecond,
  author =       {{International Earth Rotation \& Reference Systems Service}},
  title =        {Bulletin C 36},
  year =         2008,
  month =        jul,
  howpublished = {\texttt{http://hpiers.obspm.fr/iers/bul/bulc/bulletinc.dat}}
}

@Misc{iers:_webpage,
  author =       {{International Earth Rotation \& Reference Systems Service}},
  howpublished = {\texttt{http://hpiers.obspm.fr/}}
}

@Misc{java-language,
  author =	 {{Sun Microsystems}},
  title =	 {{Java}: Programming for the {Internet}},
  howpublished = {\texttt{http://java.sun.com/index.html}}
}

@Misc{kaksonen:_scratchbox,
  author =	 {Veli Kaksonen},
  title =	 {The {Scratchbox} Cross-Compilation Toolkit Project},
  howpublished = {\texttt{http://www.scratchbox.org}}
}

@Misc{kloe:_qnplot,
  author =	 {Kloe, Pascal S. de},
  title =	 {{QN Plot}: Charts with {Swing}},
  howpublished = {\texttt{http://quies.net/java/math/plot}}
}

@Misc{koolplot,
  key =          {Koolplot},
  title =	 {{Koolplot}: Basic {2D} Graph Plotting},
  howpublished = {\texttt{http://codecutter.org/tools/koolplot}}
}

@Misc{nolta:_biggles,
  author =	 {Mike Nolta},
  title =	 {{biggles}: Simple, Elegant {Python} Plotting},
  howpublished = {\texttt{http://biggles.sourceforge.net}}
}

@Misc{rathmann:_qwt,
  author =	 {Uwe Rathmann and
                  Josef Wilgen},
  title =	 {{Qwt} -- {Qt} Widgets for Technical Applications},
  howpublished = {\texttt{http://qwt.sourceforge.net}}
}

@Misc{schalig:_wxmathplot,
  author =	 {David Schalig and
                  Davide Rondini},
  title =	 {{wxMathPlot}: Scientific Plotting for {wxWidgets}},
  howpublished = {\texttt{http://wxmathplot.sourceforge.net}}
}

@Misc{schneier:_schneier_secur,
  author =	 {Bruce Schneier},
  title =	 {Schneier on Security},
  howpublished = {\texttt{http://www.schneier.com}}
}

@Misc{sivera01:_vlt_overview,
  author =	 {P.Sivera},
  title =	 {{VLT} Common Software --- {Overview}},
  note =	 {VLT-MAN-ESO-17200-0888},
  howpublished = {\texttt{http://www.eso.org/projects/vlt/sw-dev/wwwdoc/VLT2007/dockit.html}}
}

@Misc{sun:_openjdk,
  author =	 {{Sun Microsystems}},
  title =	 {{OpenJDK} Homepage},
  howpublished = {\texttt{http://www.openjdk.org}}
}

@Misc{vermeulen:_pyqwt,
  author =	 {Gerard Vermeulen},
  title =	 {{PyQwt}: A Set of {Python} Bindings for {Qwt}},
  howpublished = {\texttt{http://pyqwt.sourceforge.net}}
}

@Misc{westermann:_jchart2d,
  author =	 {Achim Westermann},
  title =	 {{JChart2D}},
  howpublished = {\texttt{http://jchart2d.sourceforge.net/index.shtml}}
}
