
@InProceedings{maray2014:_asydo,
  author =   {Mauricio Araya and Mauricio Solar and Diego Mardones and Teodoro Hochfärber},
  title =  {Exorcising the Ghost in the Machine: Synthetic Spectral Data Cubes for Assessing Big Data Algorithms},
  publisher =  {ADASS},
  year =   2014,
  booktitle =  {Astronomical Data Analysis Software \& Systems},
  location =   {Calgary, Alberta Canada},
}

@InProceedings{jantogni2014:_nosql,
  author =   {Jonathan Antognini and Mauricio Araya and Mauricio Solar and Camilo Valenzuela and Francisco Lira},
  title =  {Evaluating NoSQL alternative for Chilean Virtual Observatory Services},
  publisher =  {ADASS},
  year =   2014,
  booktitle =  {Astronomical Data Analysis Software \& Systems},
  location =   {Calgary, Alberta Canada},
}



@InProceedings{jantogni2014:_chivo_tech,
  author =   {Jonathan Antognini and Mauricio Solar and Jorge Ibsen and Lars Nyman and Diego Mardones and Karim Pichara and Ricardo Contreras and Victor Parada and Camilo Valenzuela and Patricio Ramirez and Christopher Fernandez and Mario Garces},
  title =  {Chilean Virtual Observatory services implementation for the ALMA public data},
  publisher =  {SPIE},
  year =   2014,
  booktitle =  {Software and Cyberinfrastructure for Astronomy III},
  location =   {Montréal, Quebec Canada},
}
@InProceedings{msolar2014:_chivo_manag,
  author =   {Mauricio Solar and Jonathan Antognini and Jorge Ibsen and Lars Nyman and Diego Mardones and Karim Pichara and Ricardo Contreras and Victor Parada},
  title =  {Chilean Virtual Observatory and Integration with ALMA},
  publisher =  {SPIE},
  year =   2014,
  booktitle =  {Modeling, Systems Engineering, and Project Management for Astronomy VI},
  location =   {Montréal, Quebec Canada},
}
@InProceedings{rgregori:_classification_spie,
  author =   {Rodrigo Gregorio and Mauricio Solar and Diego Mardones and Karim Pichara and Ricardo Contreras and Victor Parada},
  title =  {Automatic Detection and Automatic Classification of Structures in Astronomical Images},
  publisher =  {SPIE},
  year =   2014,
  booktitle =  {Software and Cyberinfrastructure for Astronomy III},
  location =   {Montréal, Quebec Canada},
}

@InProceedings{rgregori:_classification,
  author =   {Rodrigo Gregorio and Mauricio Solar and Diego Mardones and Karim Pichara and Ricardo Contreras and Victor Parada and Guillermo Cabrera},
  title =  {Automatic Detection and Classification of Structures at Different Spatial Scales in Astronomical Images },
  booktitle =  {SOCHIAS},
  year =   2014,
  location =   {Los Andes, Chile},
}
@InProceedings{jantogni2013:_primeros_pasos_chivo,
  author =   {Jonathan Antognini and Mauricio Solar and Marcelo Mendoza and José Marroquín and Cristián Maureira and Jorge Ibsen and Lars Nyman},
  title =  {Primeros pasos del Observatorio Virtual Chileno},
  booktitle =  {INFONOR},
  year =   2013,
  location =   {Coquimbo, Chile},
}

@InProceedings{mmora11:_solution_aia_dpm,
  author =   {Matias Mora and Mauricio Solar},
  title =  {A solution of the dynamic scheduling problem in astronomical observations},
  booktitle =  {IFORS Int. Conf. on Operational Research},
  year =   2011,
  pages =  {111-120},
  location =   {Brisbane, Australia},
}

@InProceedings{mmora10:_survey_aia_dpm,
  author =   {Matias Mora and Mauricio Solar},
  title =  {A survey on the dynamic scheduling problem in astronomical observations},
  booktitle =  {Springer Science and Business Media, In M. Bramer (Ed.): IFIP Artificial Intelligence},
  year =   2010,
  location =   {Melbourne, Australia},
}

@InProceedings{ntroncoso10:_code_generation,
  author =   {Nicolas Troncoso and Horstvon Brand and Jorge Ibsen and Matias Mora and Victor Gonzalez and Gianluca Chiozzi and Bogdan Jeram and Heiko Sommer and Gabriel Zamora and Alexis Tejeda},
  title =  {A code generation framework for ALMA common software},
  booktitle =  {Society of Photographic Instrumentation Engineers, Software and Cyberinfrastructure for Astronomy},
  year =   2010,
  location =   {San Diego, California, USA},
}

@InProceedings{mmora10:_integration_university,
  author =   {Matias Mora and Jorge Ibsen and Gianluca Chiozzi and Nicolas Troncoso and Rodrigo Tobar and Mauricio Araya and Jorge Avarias and Arturo Hoffstadt},
  title =  {Integrating a university team in the ALMA software development process: a successful model for distributed collaborations},
  booktitle =  {Society of Photographic Instrumentation Engineers, Software and Cyberinfrastructure for Astronomy},
  year =   2010,
  location =   {San Diego, California, USA},
}

@InProceedings{cmenay10:_architectures_acs,
  author =   {Camilo Menay and Gabriel Zamora and Rodrigo Tobar and Jorge Avarias and Kevin DahlSkog and Horstvon Brand and Gianluca Chiozzi},
  title =  {New architectures support for ALMA Common Software: Lessons learned and taught},
  booktitle =  {Society of Photographic Instrumentation Engineers, Software and Cyberinfrastructure for Astronomy},
  year =   2010,
  location =   {San Diego, California, USA},
}

@InProceedings{cmaureir10:_hpc_data_trending,
  author =   {Cristian Maureira and Arturo Hoffstadt and Joao Lopez and Rodrigo Tobar and Nicolas Troncoso and Horstvon Brand},
  title =  {High performance graphical data trending in a distributed system},
  booktitle =  {Society of Photographic Instrumentation Engineers, Software and Cyberinfrastructure for Astronomy},
  year =   2010,
  location =   {San Diego, California, USA},
}

@InProceedings{ahoffstadt10:_methodological_hpc,
  author =   {Roberto Bonvallet and Arturo Hoffstadt and Diego Herrera and Daniela Lopez and Rodrigo Gregorio and Manuel Almuna and Rafael Hiriart and Mauricio Solar},
  title =  {A methodological proposal for the development of an HPC-based antenna array scheduler},
  booktitle =  {Society of Photographic Instrumentation Engineers, Software and Cyberinfrastructure for Astronomy},
  year =   2010,
  location =   {San Diego, California, USA},
}

@InProceedings{tobar09:_rt_time_acs,
  author        = {Rodrigo J. Tobar and
                   Mauricio A. Araya and
                   Brand, Horst H. von and
                   Thomas Juerges},
  title         = {Adding Support to {ACS} for {Real}-{Time} Operations
                   Through the Usage of a {Posix}-Compliant {RTOS}},
  booktitle     = {Astronomical Data Analysis Software \& Systems (ADASS)},
  year          = 2009,
  month         = oct,
  location      = {Sapporo, Japan}
}

@InProceedings{tobar09:_acs_windows_porting,
  author =   {Rodrigo J. Tobar and
                  Camilo E. Menay and
                  Jorge A. Avarias and
                  Horst H. von Brand},
  title =    {Porting a large distributed control framework to the
             {Windows} {Platform}},
  booktitle =    {XIII Workshop on Parallel and Distributed Systems},
  location =     {Santiago, Chile},
  year =   2009,
  month =  nov
}

@InProceedings{lopez09:_gtcs_arch,
  author =   {Joao L{\'o}pez and
                  Rodrigo Tobar and
                  Tomas Staig and
                  Daniel Bustamante and
                  Camilo Menay and
                  Mauricio Araya and
                  Horst H. von Brand},
  title =    {A Reference Architecture Specification of a Generic Telescope 
                  Control System},
  booktitle =    {Astronomical Data Analysis Software \& Systems (ADASS)},
  location =   {Sapporo, Japan},
  month =    oct,
  year =   2009
}

@InProceedings{hoffstadt09:_smcg,
  title =   {Reusable state machine code generator},
  booktitle =   {Astronomical Data Analysis Software \& Systems (ADASS)},
  author =  {Arturo Hoffstadt and 
                 Heiko Sommer and 
                 Luigi Andolfato and 
                 Cecilia Reyes},
  location =  {Sapporo, Japan},
  month =   oct,
  year =  2009
}

@InProceedings{reveco09:_ethernet_device,
  title =   {Extending the device support for the {ALMA},Control subsystem 
                 code generation framework},
  booktitle =   {Astronomical Data Analysis Software \& Systems (ADASS)},
  author =  {Johnny Reveco and 
                 Matias Mora and 
                 Tom{\'a}s Staig and 
                 Jorge Ibsen and 
                 Jeff Kern and 
                 V{\'i}ctor Gonz{\'a}lez and 
                 Norman Saez and Thomas Juerges and 
                 Cecilia Reyes},
  location =  {Sapporo, Japan},
  month =   oct,
  year =  2009
}

@InProceedings{chiozzi09:_acs_status_dev,
  title =   {{ALMA} Common Software {(ACS)} Status and Development},
  booktitle =   {International Conference on Accelerator and Large Experimental 
                 Physics Control Systems (ICALEPCS)},
  author =  {Gianluca Chiozzi and 
                 Jeram Bogdan and 
                 Alessandro Caproni and 
                 Heiko Sommer and 
                 Matej Sekoranja and 
                 Joseph Schwarz and 
                 Roberto Cirami and 
                 Hiroshi Yatagai and 
                 Jorge Avarias and 
                 Arturo Hoffstadt and 
                 Joao L{\'o}pez and 
                 Arne Grimstrup},
  location =  {Kobe, Japan},
  month =   oct,
  year =  2009
}

@InProceedings{menay09:_acs_el,
  title =   {{ALMA} Common Software: An {open}-{source} platform for 
                 distributed control},
  booktitle =   {Encuentro Linux},
  author =  {Camilo Menay and 
                 Arturo Hoffstadt},
  location =  {Valpara{\'i}so, Chile},
  month =   oct,
  year =  2009
}

@InProceedings{barriga09:_combin_probab_sampl_techn_simpl,
  title =  {Combining a Probabilistic Sampling Technique and
                  Simple Heuristics to Solve
                  the Dynamic Path Planning Problem},
  author =   {Barriga, N.A. and
                  Araya-Lopez, M. and
                  Solar, M.},
  booktitle =  {Proceedings of the XXVIII International Conference of the
                  Chilean Computing Science Society (SCCC)},
  year =   2009
}

@InProceedings{avarias08:_RoboTito,
  author =   {Jorge Avarias and
                  Renato Covarrubias and
                  Nicol\'as Troncoso},
  title =    {Automatizaci\'on del Proceso de Correcci\'on
                  de Tareas de Programaci\'on de Estudiantes,
                  {RoboTito}},
  booktitle =    {Encuentro Chileno de Computaci\'on},
  location =     {Punta Arenas, Chile},
  pages =  41,
  year =   2008,
  month =  nov
}

@InProceedings{brand08:_acs_ws,
  author =   {Brand, Horst H. von and
                  Mauricio A. Araya and
                  Jorge Ibsen},
  title =    {{ACS} {Workshop} ---
                  {An} Experience Teaching a Complex Framework},
  booktitle =    {Congreso de Educaci\'on Superior en Educaci\'on},
  location =     {Punta Arenas, Chile},
  pages =  18,
  year =   2008,
  month =        nov
}

@InProceedings{guajardo08:_hevelius,
  author =   {Carlos Guajardo and
      Tom\'as Staig and
      Brand, Horst H. von},
  title =  {Una Aplicaci\'on Astron\'omica
      Enfocada a la Educaci\'on a Trav\'es
      de una Plataforma de Control de Telescopios Distribuida},
  editor =   {Gabriela P. Henning and
      Maria Rosa Galli and
      Diego Milone},
  publisher =  {JAIIO},
  year =   2008,
  numpages =   {9},
  booktitle =  {Concurso de Trabajos Estudiantiles 2008},
  location =   {Santa Fe, Argentina},
  ISSN =   {1850-2946}
}

@InProceedings{hoffstadt08:_LiveCD,
  author =   {Arturo Hoffstadt and
                  Cristian Maureira and
                  Sergio Morales and
                  Gabriel Zamora and
                  Ignacio Villacura and
                  Brand, Horst H. von},
  title =    {Construcci\'on de un Sistema Operativo Auto-Arrancable
                  para Rescate de Sistemas Da\~nados},
  booktitle =    {Encuentro Chileno de Computaci\'on},
  location =     {Punta Arenas, Chile},
  pages =  36,
  year =   2008,
  month =  nov
}

@InProceedings{mora08:_hardw_devic_simul_framew_alma_contr_subsy,
  author =   {Matias Mora and
                  Jorge Ibsen and
                  Jeff Kern and
                  Rodrigo Araya and
                  Nicol\'as Troncoso and
                  Victor Gonz\'alez and
                  Ralph Marson and
                  Thomas Juerges and
                  Allen Farris and
                  Cecilia Reyes},
  title =    {Hardware Device Simulation Framework
                  in the {ALMA} Control Subsystem},
  booktitle =    {Astronomical Data Analysis Software \& Systems (ADASS)},
  year =   2008
}

@InProceedings{staig08:_refer_implem_gener_autom_point_system,
  author =   {Tom\'as Staig and
                  Rodrigo Tobar and
                  Mauricio Araya and
                  Carlos Guajardo and
                  Brand, Horst H. von},
  title =    {A Reference Implementation
                  of a Generic Automatic Pointing System},
  booktitle =    {Astronomical Data Analysis Software \& Systems (ADASS)},
  year =   2008
}

@InProceedings{tobar08:_CSAT_final_status,
  author =   {Rodrigo Tobar and
                  Joao L\'opez and
                  Mauricio A. Araya and
                  Brand, Horst H. von},
  title =    {{CSAT} Deployment and Final Status},
  booktitle =    {Encuentro Chileno de Computaci\'on},
  location =     {Punta Arenas, Chile},
  pages =  40,
  year =   2008,
  month =  nov
}

@InProceedings{tobar08:_csat_gtcs,
  author =   {Rodrigo J. Tobar and Brand, Horst H. von and Mauricio A. Araya and Joao S. L\'opez},
  editor =   {Alan Bridger and Nicole M. Radziwill},
  title =  {An Amateur Telescope Control System: Towards a Generic Telescope Control Model},
  publisher =  {SPIE},
  year =   2008,
  booktitle =  {Advanced Software and Control for Astronomy II},
  location =   {Marseille, France},
}

@InProceedings{tobar08:_symbad,
  author =   {Rodrigo Tobar and
                  Mauricio A. Araya and
                  Brand, Horst H. von},
  title =    {Symbad:
                  A New Tool Designed to Optimize
                  Minimal {Linux} Distributions},
  booktitle =    {Encuentro Chileno de Computaci\'on},
  location =     {Punta Arenas, Chile},
  pages =  35,
  year =   2008,
  month =  nov
}

@InProceedings{araya08:_acs_rt,
  author =   {Mauricio A. Araya and
      Rodrigo J. Tobar and
      Jorge A. Avarias and
      Brand, Horst H. von},
  editor =   {Gabriela P. Henning and
      Maria Rosa Galli and
      Silvio Gonnet},
  title =  {Towards a Distributed Control Framework
      with Real-Time Support},
  publisher =  {CLEI},
  year =   2008,
  numpages =   {10},
  booktitle =  {XXXVI Conferencia Latinoamericana de Inform\'atica
      CDROM},
  location =   {Santa Fe, Argentina},
  ISBN =   {978-950-9770-02-7}
}

@InProceedings{araya07:_ACS_UTFSM,
  author =	 {Mauricio A. Araya and
		  Jorge A. Avarias and
		  Matias Mora and
		  Rodrigo Tobar},
  title =	 {{ALMA} {Common} {Software} -- {UTFSM} {Group}},
  booktitle =	 {VI Reuni\'on Anual
                  Sociedad Chilena de Astronom\'\i a
		  (SOCHIAS)},
  year =	 2007,
  pages =	 {58},
  location =	 {Software development,
		  ALMA Common Software,
		  Instrument control},
}

@InProceedings{brand07:_softw_devel_alma_chile,
  author =	 {Brand, Horst H. von},
  title =	 {Software Development for {ALMA} in {Chile}:
		  The {ACS-UTFSM} {Group}},
  keywords =	 {Software development, ALMA Common Software,
		  Instrument control},
  booktitle =	 {VI Reuni\'on Anual
		  de la Sociedad Chilena de Astronom\'\i a (SOCHIAS)},
  year =	 2007,
  pages =	 {53-+},
  adsurl =	 {http://adsabs.harvard.edu/abs/2007soch.conf\ldots53V},
  adsnote =	 {Provided by the SAO/NASA Astrophysics Data System}
}
