@MastersThesis{mmora11:_scheduling_algorithm_dynamic_priorities,
  author =   {Matías Mora Klein},
  title =  {A Scheduling Algorithm with Dynamic Priorities},
  school =   {Departamento de Inform\'atica,
      Universidad T\'ecnica Federico Santa Mar\'\i a},
  year =   2011
}

@MastersThesis{barriga09:_singl_agent_line_path_plann,
  author =   {Nicol\'as Barriga},
  title =    {Single Agent On-Line Path Planning in Continous,
                  Unpredictable, and Highly Dynamic Environments},
  school =   {Departamento de Inform\'atica,
      Universidad T\'ecnica Federico Santa Mar\'\i a},
  year =   2009
}

@MastersThesis{tobar09:_real_time_time_service_ACS,
  author =   {Rodrigo J. Tobar},
  title =    {A Real-Time Time Service for the {ALMA} {Common} {Software}},
  school =   {Departamento de Inform\'atica,
      Universidad T\'ecnica Federico Santa Mar\'\i a},
  year =   2009
}

@MastersThesis{araya08:_verifiying_ACS_RT_periodic_properties,
  author =	 {Mauricio A. Araya},
  title =	 {Verifying Real-Time Periodic Properties
		  on the {ALMA} {Common} {Software} Time System},
  school =	 {Departamento de Inform\'atica,
		  Universidad T\'ecnica Federico Santa Mar\'\i a},
  year =	 2008
}

@Misc{wfarina:_diseno_chivo,
  title = {Diseño Conceptual de un Observatorio Virtual Astronómico para ALMA},
  author = {Walter Rodrigo {Fariña Perez}},
  howpublished = {Tesis para optar al T{\'i} tulo de Ingeniero Civil Inform{\'a}tico, Universidad T{\'e}cnica Federico Santa Mar{\'i}a},
  year = 2013
}

@Misc{eantillanca:_algoritmo_paralelo,
  title = {Un Algoritmo Paralelo para Resolver el Scheduling en Proyectos de Observación Astronómica},
  author = {Esteban Asaf {Antillanca Vivanco}},
  howpublished = {Tesis para optar al T{\'i} tulo de Ingeniero Civil Inform{\'a}tico, Universidad T{\'e}cnica Federico Santa Mar{\'i}a},
  year = 2012
}

@Misc{ hoffstadt10:_planning_mode_simulator,
  title = {Planning Mode Simulator: A simulation tool for studying ALMA's scheduling behavior},
  author = {Arturo Alejandro {Hoffstadt Urrutia}},
  howpublished = {Tesis para optar al T{\'i} tulo de Ingeniero Civil Inform{\'a}tico, Universidad T{\'e}cnica Federico Santa Mar{\'i}a},
  year = 2010
}

@Misc{troncoso09:_acs_compon_code_gener_framew,
  author =   {Troncoso Carrere, Nicol\'as},
  title =  {{ACS} {Component} Code Generation Framework},
  howpublished = {Memoria para optar al T\'\i tulo
      de Ingeniero Civil Inform\'atico,
      Universidad T\'ecnica Federico Santa Mar\'\i a},
  year =   2009
}

@Misc{saez09:_sched_protot_amateur_teles_contr_acs,
  author =   {S\'aez V\'asquez, Norman Francisco},
  title =  {A Scheduler Prototype for Amateur Telescope
                  Controlled with {ACS}},
  howpublished = {Memoria para optar al T\'\i tulo
      de Ingeniero Civil Inform\'atico,
      Universidad T\'ecnica Federico Santa Mar\'\i a},
  year =   2009
}

@Misc{reyes09:_grid_di_utfsm,
  author =   {Reyes Aguilera, Cristofer Nicol\'as},
  title =  {Plataforma Grid para el {Departamento} de {Inform\'atica}
                  de la {UTFSM}},
  howpublished = {Memoria para optar al T\'\i tulo
      de Ingeniero Civil Inform\'atico,
      Universidad T\'ecnica Federico Santa Mar\'\i a},
  year =   2009
}

@Misc{chau09:_analis_android_desarrrollo,
  author =   {Chau Chan, Chihau Andrés},
  title =  {An\'alisis de la Plataforma {Android} de {Google}
                  para el Desarrollo de Aplicaciones Móviles},
  howpublished = {Memoria para optar al T\'\i tulo
      de Ingeniero Civil Inform\'atico,
                  Pontificia Universidad Cat\'olica de Valpara\'\i so},
  year =   2009
}

@Misc{avarias08:_DDS_vs_NS,
  author = 	 {Avarias Alfaro, Jorge Alejandro},
  title =	 {{Data} {Distribution} {Service} as an Alternative
                  to the {CORBA} {Notification} {Service}
                  for {ALMA} {Common} {Software}},
  howpublished = {Memoria para optar al T\'\i tulo
		  de Ingeniero Civil Inform\'atico,
		  Universidad T\'ecnica Federico Santa Mar\'\i a},
  year =	 2008
}

@Misc{glaves08:_antep_moder_teles_astron_ofert_servic_obser,
  author =	 {Percy Glaves},
  title =	 {Anteproyecto de Modernizaci\'on
                  de un Telescopio Astron\'omico
                  y su Oferta como Servicio de Observaci\'on},
  howpublished = {Seminario de Tesis de
                  Magister en Tecnolog\'\i as de Informaci\'on,
		  Universidad T\'ecnica Federico Santa Mar\'\i a},
  year =	 2008
}

@Misc{leon08:_comportamiento__tcp_wifi,
  author = 	 {Le\'on Padilla, Daniela Andrea},
  title =	 {Estudio del Comportamiento
                  de Mecanismos de Control de Congestión {TCP}
                  sobre Redes Inalámbricas},
  howpublished = {Memoria para optar al T\'\i tulo
		  de Ingeniero Civil Inform\'atico,
		  Universidad T\'ecnica Federico Santa Mar\'\i a},
  year =	 2008
}

@Misc{mora08:_towar_gener_hardw_devic_simul,
  author =	 {Mora Klein, Mat\'\i as Gabriel},
  title =	 {Towards a Generic Hardware Device Simulation Framework
                  Applied to Telescope Control Systems},
  howpublished = {Memoria para optar al T\'\i tulo
		  de Ingeniero Civil Inform\'atico,
		  Universidad T\'ecnica Federico Santa Mar\'\i a},
  year =	 2008
}

@Misc{valencia07:_H3E,
  author =	 {Valencia Formas, Jorge Eduardo},
  title =	 {{Hardware} {End}-to-{End} {Example}:
		  An {ACS} Teaching and Training Framework},
  howpublished = {Memoria para optar al T\'\i tulo
		  de Ingeniero de Ejecuci\'on Inform\'atico,
		  Universidad T\'ecnica Federico Santa Mar\'\i a},
  year =	 2007
}