@InProceedings{Alesky05,
  author =	 {Markus Aleksy and
		  Axel Korthaus and
		  Martin Schader},
  title =	 {Realizing the Leasing Concept
		  in {CORBA}-Based Applications},
  booktitle =	 {Proceedings of the ACM Symposium
		  on Applied Computing},
  year =	 2005,
  isbn =	 {1-58113-964-0},
  pages =	 {706--712},
  location =	 {Santa Fe, New Mexico},
  doi =		 {http://doi.acm.org/10.1145/1066677.1066838},
  publisher =	 {ACM},
  address =	 {New York, NY, USA},
}

@article{Alfaro05,
  title =	 {An On-the-fly Evolutionary Algorithm
		  for Robot Motion Planning},
  author =	 {Alfaro, T. and
		  Riff, M.},
  journal =	 {Lecture Notes in Computer Science},
  volume =	 3637,
  pages =	 119,
  year =	 2005,
  publisher =	 {Springer}
}

@article{Alfaro08,
  title =	 {An Evolutionary Navigator for Autonomous Agents
		  on Unknown Large-Scale Environments},
  author =	 {Alfaro, T. and
		  Riff, M.},
  journal =	 {Intelligent Automation and Soft Computing},
  volume =	 14,
  number =	 1,
  pages =	 105,
  year =	 2008,
  publisher =	 {AUTOSOFT PRESS}
}

@InProceedings{Atramentov02,
  title =	 {Efficient Nearest Neighbor Searching
		  for Motion Planning},
  author =	 {Atramentov, A. and
		  LaValle, S.M.},
  booktitle =	 {Proceedings of the IEEE International Conference on
		  Robotics and Automation},
  year =	 2002,
  volume =	 1,
  pages =	 {632-637 vol.1},
  keywords =	 {computational complexity, neural nets, path
		  planning, search problems, trees (mathematics)
		  Euclidean spaces, Kd tree-based ANN algorithm, PRM,
		  RRT, efficient nearest neighbor searching, motion
		  planning, neural nets, probabilistic roadmaps,
		  rapidly-exploring random trees, topological spaces},
  doi =		 {10.1109/ROBOT.2002.1013429},
}

@article{Bentley75,
  title =	 {Multidimensional Binary Search Trees Used for
		  Associative Searching},
  author =	 {Bentley, J.L.},
  journal =	 {Communications of the ACM},
  volume =	 18,
  number =	 9,
  pages =	 517,
  year =	 1975,
  publisher =	 {ACM}
}

@inproceedings{Berg06,
  author =	 "Jur van den Berg and David Ferguson and James
		  Kuffner",
  title =	 "Anytime Path Planning and Replanning
		  in Dynamic Environments",
  booktitle =	 "Proceedings of the IEEE International Conference on
		  Robotics and Automation",
  pages =	 "2366 - 2371",
  month =	 may,
  year =	 2006,
}

@inproceedings{Berg08,
  author =	 {Jur van den Berg and
		  Sachin Patil and
		  Jason Sewall and
		  Dinesh Manocha and
		  Ming Lin},
  title =	 {Interactive Navigation of Multiple Agents
		  in Crowded Environments},
  booktitle =	 {Proceedings of the Symposium on
		  Interactive 3D Graphics and Games},
  year =	 2008,
  isbn =	 {978-1-59593-983-8},
  pages =	 {139--147},
  location =	 {Redwood City, California},
  doi =		 {http://doi.acm.org/10.1145/1342250.1342272},
  publisher =	 {ACM},
  address =	 {New York, NY, USA}
}

@InProceedings{Bruce02,
  title =	 {Real-Time Randomized Path Planning
		  for Robot Navigation},
  author =	 {Bruce, J. and
		  Veloso, M.},
  booktitle =	 {Proceedings of the IEEE/RSJ International Conference
		  on Intelligent Robots and Systems},
  year =	 2002,
  volume =	 3,
  pages =	 {2383-2388 vol.3},
  keywords =	 {mobile robots, path planning, randomised
		  algorithms, real-time systems ERRT, adaptive cost
		  penalty search, constraints, execution extended RRT,
		  fast continuous domain path planners, generated path
		  quality, mobile robots, obstacles, path planning,
		  rapidly-exploring random trees, real-time multirobot
		  system, real-time randomized path planning,
		  replanning efficiency, robot capabilities, robot
		  navigation, waypoint cache},
  doi =		 {10.1109/IRDS.2002.1041624},
}

@Misc{CORBA-Component06,
  author =	 {{Object Management Group}},
  title =	 {{CORBA} Component Model Specification 4.0 --
		  Formal/06-04-01},
  year =	 2006
}

@Misc{CORBA-OMG02,
  author =	 {{Object Management Group}},
  title =	 {{CORBA} 3.0 -- Formal/02-06-01},
  year =	 2002
}

@book{Choset05,
  author =	 "Howie Choset and
		  Kevin M. Lynch and
		  Seth Hutchinson and
		  George A. Kantor and
		  Wolfram Burgard and
		  Lydia E. Kavraki and
		  Sebastian Thrun",
  title =	 "Principles of Robot Motion:
		  Theory, Algorithms, and Implementations",
  publisher =	 "MIT Press",
  address =	 "Cambridge, MA",
  month =	 jun,
  year =	 2005,
  Notes =	 "ISBN 0-262-03327-5"
}

@InProceedings{Elshamli04,
  title =	 {Genetic Algorithm for Dynamic Path Planning},
  author =	 {Elshamli, A. and
		  Abdullah, HA and
		  Areibi, S.},
  booktitle =	 {Proceedings of the Canadian Conference on
		  Electrical and Computer Engineering},
  volume =	 2,
  year =	 2004
}

@InProceedings{Ferguson06,
  title =	 {Replanning with {RRTs}},
  author =	 {Ferguson, D. and
		  Kalra, N. and
		  Stentz, A.},
  booktitle =	 {Proceedings of the IEEE International Conference on
		  Robotics and Automation},
  year =	 2006,
  month =	 {15-19},
  pages =	 {1243-1248},
  ISSN =	 {1050-4729}
}

@article{Guttman84,
  title =	 {{R-Trees}: A Dynamic Index Structure
		  for Spatial Searching},
  author =	 {Guttman, A.},
  journal =	 {ACM SIGMOD Record},
  volume =	 14,
  number =	 2,
  pages =	 {47--57},
  year =	 1984,
  publisher =	 {ACM New York, NY, USA}
}

@article{Hwang92,
  author =	 {Hwang, Yong K. and
		  Ahuja, Narendra},
  title =	 {Gross Motion Planning --- A Survey},
  journal =	 {ACM Computing Surveys},
  volume =	 24,
  number =	 3,
  year =	 1992,
  issn =	 {0360-0300},
  pages =	 {219--291},
  doi =		 {http://doi.acm.org/10.1145/136035.136037},
  publisher =	 {ACM},
  address =	 {New York, NY, USA},
}

@Misc{ISO:Ada95,
  author =	 {{International Standards Organization}},
  title =	 {Information technology -- {Programming} languages -- {Ada}},
  howpublished = {ISO/IEC 8652:1995(E)},
  year =	 1995
}

@Misc{ISO:C++98,
  author =	 {{International Standards Organization}},
  title =	 {Information technology -- {Programming} languages -- {C++}},
  howpublished = {ISO/IEC 14882:2003},
  year =	 2003
}

@Misc{ISO:C99,
  author =	 {{International Standards Organization}},
  title =	 {Information technology -- {Programming} languages -- {C}},
  howpublished = {ISO/IEC 9899:1999 Cor. 3:2007(E)},
  year =	 2007
}

@InProceedings{Jaillet08,
  title =	 {Transition-Based {RRT} for Path Planning
		  in Continuous Cost Spaces},
  author =	 {Jaillet, L. and
		  Cortes, J.and
		  Simeon, T. },
  booktitle =	 {Proceedings of the IEEE/RSJ International Conference
		  on Intelligent Robots and Systems},
  pages =	 {2145--2150},
  year =	 2008
}

@Article{Kavraki96,
  title =	 {Probabilistic Roadmaps for Path Planning in
		  High-Dimensional Configuration Spaces},
  author =	 {Kavraki, L.E. and
		  Svestka, P. and
		  Latombe, J.-C. and
		  Overmars, M.H.},
  journal =	 {IEEE Transactions on Robotics and Automation},
  year =	 1996,
  month =	 aug,
  volume =	 12,
  number =	 4,
  pages =	 {566-580},
  keywords =	 {graph theory, learning (artificial intelligence),
		  mobile robots, path planning,
		  probabilitycollision-free configurations, goal
		  configurations, graph, high-dimensional
		  configuration spaces, holonomic robot, learning
		  phase, local planner, motion planning, multi-DOF
		  planar articulated robots, path planning,
		  probabilistic roadmaps, query phase, robots, start
		  configurations, static workspaces},
  doi =		 {10.1109/70.508439},
  ISSN =	 {1042-296X},
}

@InProceedings{Koenig02,
  title =	 {{D*} Lite},
  author =	 {Koenig, S. and
		  Likhachev, M.},
  booktitle =	 {Eighteenth National Conference on
		  Artificial Intelligence},
  pages =	 {476--483},
  year =	 2002,
  organization = {American Association for Artificial Intelligence
		  Menlo Park, CA, USA}
}

@InProceedings{Kuffner00,
  title =	 {{RRT-connect}: An Efficient Approach
		  to Single-Query Path Planning},
  author =	 {Kuffner, J.J., Jr. and
		  LaValle, S.M.},
  booktitle =	 {Proceedings of the IEEE International Conference on
		  Robotics and Automation},
  year =	 2000,
  volume =	 2,
  pages =	 {995-1001 vol.2},
  keywords =	 {computational geometry, path planning, robots,
		  search problems3D workspace, 6-DOF PUMA arm, 7-DOF
		  kinematic chain, RRT-connect, automatic graphic
		  animation, collision-free grasping, collision-free
		  manipulation, collision-free motions,
		  high-dimensional configuration spaces, human arm,
		  randomized algorithm, rapidly-exploring random
		  trees, rigid objects, simple greedy heuristic,
		  single-query path planning},
  doi =		 {10.1109/ROBOT.2000.844730},
}

@Book{LaTeX,
  author =	 "Leslie Lamport",
  title =	 "{\LaTeX}: A Document Preparation System",
  publisher =	 "Addison-Wesley",
  year =	 1986
}

@Book{LaTeX2e,
  author =	 "Leslie Lamport",
  title =	 "{\LaTeX}: A Document Preparation System",
  publisher =	 "Addison-Wesley",
  edition =	 "Second",
  year =	 1994
}

@Book{LaTeXcompanion,
  author =	 "Michel Goossens and
		  Frank Mittelbach and
		  Alexander Samarin",
  title =	 "The {\LaTeX} Companion",
  publisher =	 "Addison-Wesley",
  year =	 1994
}

@Techreport{Lavalle98,
  author =	 {Lavalle, S.M.},
  title =	 {{Rapidly-Exploring Random Trees}:
		  A New Tool for Path Planning},
  institution =	 {Computer Science Department,
		  Iowa State University},
  year =	 1998
}

@InProceedings{Lavalle99,
  title =	 {Randomized Kinodynamic Planning},
  author =	 {LaValle, S.M. and
		  Kuffner Jr, J.J.},
  booktitle =	 {Proceedings of the IEEE International Conference on
		  Robotics and Automation},
  volume =	 1,
  year =	 1999
}

@InProceedings{Li02,
  title =	 {An Incremental Learning Approach
		  to Motion Planning with Roadmap Management},
  author =	 {Tsai-Yen Li and
		  Yang-Chuan Shie},
  booktitle =	 {Proceedings of the IEEE International Conference on
		  Robotics and Automation},
  year =	 2002,
  volume =	 4,
  pages =	 {3411-3416},
  keywords =	 {data structures, learning (artificial
		  intelligence), mobile robots, path planning,
		  probability, trees (mathematics) data structure,
		  incremental learning, motion-planning,
		  path-planning, probabilistic roadmaps,
		  rapidly-exploring random tree, reconfigurable random
		  forest, robotics, tree-pruning algorithm},
  doi =		 {10.1109/ROBOT.2002.1014238}
}

@InProceedings{Lindemann04,
  title =	 {Incrementally Reducing Dispersion
		  by Increasing {Voronoi} Bias in {RRTs}},
  author =	 {Lindemann, S. and
		  LaValle, S.},
  booktitle =	 {Proceedings of the IEEE International Conference on
		  Robotics and Automation},
  volume =	 4,
  pages =	 {3251--3257},
  year =	 2004
}

@book{Manolopoulos06,
  title =	 {{R-trees}: Theory and Applications},
  author =	 {Manolopoulos, Y.},
  year =	 2006,
  publisher =	 {Springer}
}

@InProceedings{Martin07,
  title =	 {Offline and Online Evolutionary Bi-Directional {RRT}
		  Algorithms for Efficient Re-Planning
		  in Dynamic Environments},
  author =	 {Martin, S.R. and
		  Wright, S.E. and
		  Sheppard, J.W.},
  booktitle =	 {Proceedings of the IEEE International Conference on
		  Automation Science and Engineering},
  year =	 2007,
  month =	 sep,
  pages =	 {1131-1136},
  keywords =	 {evolutionary computation, path planning, trees
		  (mathematics)dynamic environments, evolutionary
		  bi-directional RRT algorithms, probabilistic motion
		  planner, rapidly exploring random tree, replanning,
		  spatial kd-tree},
  doi =		 {10.1109/COASE.2007.4341761},
}

@InProceedings{Nagib04,
  title =	 {Path Planning for a Mobile Robot Using Genetic
		  Algorithms},
  author =	 {Nagib, G. and
		  Gharieb, W.},
  booktitle =	 {Proceedings of the International Conference on
		  Electrical, Electronic and Computer Engineering},
  pages =	 {185--189},
  year =	 2004
}

@ARTICLE{Nikolos03,
  title =	 {Evolutionary Algorithm Based Offline/Online Path
		  Planner for {UAV} Navigation},
  author =	 {Nikolos, I.K. and
		  Valavanis, K.P. and
		  Tsourveloudis, N.C. and
		  Kostaras, A.N.},
  journal =	 {IEEE Transactions on Systems, Man, and Cybernetics,
		  Part B},
  year =	 2003,
  month =	 dec,
  volume =	 33,
  number =	 6,
  pages =	 {898-912},
  keywords =	 {aerospace control, genetic algorithms, path
		  planning, remotely operated vehicles, splines
		  (mathematics) B-spline curves, UAV navigation,
		  evolutionary algorithm, modified breeder genetic
		  algorithms, offline/online path planner, unmanned
		  aerial vehicles autonomous navigation},
  doi =		 {10.1109/TSMCB.2002.804370},
  ISSN =	 {1083-4419},
}

@Misc{OrangeBook,
  author =	 {{Department of Defense}},
  title =	 {Trusted Computer System Evaluation Criteria},
  howpublished = {DoD 5200.28-STD},
  month =	 dec,
  year =	 1985
}

@Book{POSIX1003.1-IEEE,
  author =	 "{IEEE}",
  title =	 "{1996 ({ISO}\slash {IEC}) [{IEEE}\slash {ANSI} {Std}
		  1003.1, 1996 Edition] Information Technology --
		  Portable Operating System Interface
		  ({POSIX}\textregistered{}) --
		  Part 1: System Application Program Interface ({API})
		  [{C} Language]}",
  pages =	 "784",
  year =	 "1996",
  ISBN =	 "1-55937-573-6",
  price =	 "US\$143.00",
  URL =		 "http://standards.ieee.org/reading/ieee/std\_public/description/posix/9945-1-1996\_desc.html",
}

@Book{POSIX1003.1b-IEEE,
  author =	 "{IEEE}",
  title =	 "{POSIX} Part 1: System {API} --
		  Amend. 1: Realtime Extension [{C} Language]",
  pages =	 784,
  year =	 1994,
  ISBN =	 "1-55937-375-X"
}

@Book{Phillip92,
  author =	 {Phillip A. Laplante},
  title =	 {Real-Time Systems Design and Analysis:
		  An Engineer's Handbook},
  year =	 1992,
  isbn =	 0780304020,
  publisher =	 {IEEE Press},
  address =	 {Piscataway, NJ, USA}
}

@Misc{RTCorba-OMG03,
  author =	 {{Object Management Group}},
  title =	 {Real-Time {CORBA}, v2.0 -- formal/03-11-01},
  year =	 2003
}

@Misc{SIGOPS08:_Linux,
  journal =	 {SIGOPS Operating Systems Review},
  issn =	 {0163-5980},
  volume =	 42,
  number =	 5,
  issue_date =	 {July 2008},
  issue_description ={Research and Developments in the {Linux} Kernel},
  publisher =	 {ACM},
  address =	 {New York, NY, USA},
}

@article{Smierzchalski05,
  title =	 {Path Planning in Dynamic Environments},
  author =	 {Smierzchalski, R. and
		  Michalewicz, Z.},
  journal =	 {Computational Intelligence (SCI)},
  volume =	 8,
  pages =	 {135--153},
  year =	 2005,
  publisher =	 {Springer}
}

@InProceedings{Stentz94,
  title =	 {Optimal and Efficient Path Planning for
		  Partially-Known Environments},
  author =	 {Stentz, A.},
  booktitle =	 {Proceedings of the IEEE International Conference on
		  Robotics and Automation},
  pages =	 {3310--3317},
  year =	 1994
}

@InProceedings{Stentz95,
  title =	 {The Focussed {D*} Algorithm
		  for Real-Time Replanning},
  author =	 {Stentz, A.},
  booktitle =	 {International Joint Conference
		  on Artificial Intelligence},
  volume =	 14,
  pages =	 {1652--1659},
  year =	 1995,
  organization = {LAWRENCE ERLBAUM ASSOCIATES LTD}
}

@InProceedings{Trojanowski97,
  title =	 {Adding Memory to the {Evolutionary Planner/Navigator}},
  author =	 {Trojanowski, K.M. and
		  Xiao, Z.J.},
  booktitle =	 {Proceedings of the IEEE International Conference on
		  Evolutionary Computation},
  pages =	 {483--487},
  year =	 1997
}

@InProceedings{Xiao96,
  title =	 {{Evolutionary Planner/Navigator}:
		  Operator Performance and Self-Tuning},
  author =	 {Xiao, J. and
		  Michalewicz, Z. and
		  Zhang, L.},
  booktitle =	 {International Conference on Evolutionary
		  Computation},
  pages =	 {366--371},
  year =	 1996
}

@ARTICLE{Xiao97,
  title =	 {Adaptive {Evolutionary Planner/Navigator} for Mobile
		  Robots},
  author =	 {Xiao, J. and
		  Michalewicz, Z. and
		  Zhang, L. and
		  Trojanowski, K.},
  journal =	 {Proceedings of the IEEE Transactions on Evolutionary
		  Computation},
  year =	 1997,
  month =	 apr,
  volume =	 1,
  number =	 1,
  pages =	 {18-28},
  keywords =	 {genetic algorithms, mobile robots, navigation, path
		  planningadaptability, adaptive evolutionary
		  planner/navigator, evolutionary computation,
		  flexibility, generality, mobile robots, off-line
		  planning, online planning/navigation, optimization
		  criteria, planning efficiency, problem-specific
		  domain knowledge, tradeoffs},
  doi =		 {10.1109/4235.585889},
  ISSN =	 {1089-778X},
}

@inbook{Xiao97-2,
  title =	 {Handbook of Evolutionary Computation},
  year =	 1997,
  isbn =	 {0750303921},
  publisher =	 {IOP Publishing Ltd.},
  address =	 {Bristol, UK, UK},
  chapter =	 {G3.6 The {Evolutionary Planner/Navigator} in a
		  Mobile Robot Environment},
  author =	 {Xiao, J.}
}

@InProceedings{Zhang08,
  title =	 {An Efficient Retraction-Based {RRT} Planner},
  author =	 {Liangjun Zhang and Manocha, D.},
  booktitle =	 {Proceedings of the IEEE International Conference on
		  Robotics and Automation},
  year =	 2008,
  month =	 may,
  pages =	 {3743-3750},
  keywords =	 {computational geometry, robots, trees
		  (mathematics)3D rigid robots, RRT planner, Voronoi
		  diagrams, narrow passages, rapidly-exploring random
		  trees, retraction algorithm},
  doi =		 {10.1109/ROBOT.2008.4543785},
  ISSN =	 {1050-4729},
}

@InProceedings{Zucker07,
  title =	 {Multipartite {RRTs}
		  for Rapid Replanning in Dynamic Environments},
  author =	 {Zucker, M. and
		  Kuffner, J. and
		  Branicky, M.},
  booktitle =	 {Proceedings of the IEEE International Conference on
		  Robotics and Automation},
  year =	 2007,
  month =	 apr,
  pages =	 {1603-1609},
  keywords =	 {mobile robots, path planning, sampling methods,
		  trees (mathematics)multipartite rapidly-exploring
		  random tree, rapid replanning, robot motion
		  planning, sampling distribution},
  doi =		 {10.1109/ROBOT.2007.363553},
  ISSN =	 {1050-4729},
}

@InProceedings{abbaspour02:_retar_binar_utilit,
  author =	 {Maghsoud Abbaspour and
		  Jianwen Zhu},
  title =	 {Retargetable Binary Utilities},
  booktitle =	 {Proceedings of the 39th Conference
		  on Design Automation},
  year =	 2002,
  isbn =	 {1-58113-461-4},
  pages =	 {331-336},
  location =	 {New Orleans, Louisiana, USA},
  doi =		 {http://doi.acm.org/10.1145/513918.514004},
  publisher =	 {ACM},
  address =	 {New York, NY, USA},
}

@Book{abbott06:_rt_linux,
  author =	 {Doug Abbott},
  title =	 {Linux for Embedded and Real-Time Applications},
  edition =	 {Second},
  year =	 2006,
  isbn =	 0750679328,
  publisher =	 {Newnes}
}

@inproceedings{acssamp,
  author =	 {Paolo Di Marcantonio and
		  Roberto Cirami and
		  Gianluca Chiozzi},
  title =	 {{ACS} {Sampling} {System}:
		  Design, Implementation and Performance Evaluation},
  volume =	 5496,
  booktitle =	 {Proceedings of SPIE},
  year =	 2004
}

@Book{aigner03:_proof_the_book,
  author =	 {Martin Aigner and
		  Günter M. Ziegler},
  title =	 {Proofs from {THE} {BOOK}},
  publisher =	 {Springer},
  year =	 2003,
  edition =	 {Third}
}

@Article{aigner96:_elimin_virtual_funct_calls_c_progr,
  author =	 "Gerald Aigner and
		  Urs H{\"o}lzle",
  title =	 "Eliminating Virtual Function Calls
		  in {C++} Programs",
  journal =	 "Lecture Notes in Computer Science",
  volume =	 1098,
  pages =	 "142-166",
  year =	 1996,
  url =		 "citeseer.ist.psu.edu/aigner96eliminating.html"
}

@InProceedings{alur90:_rt_logics_complexity,
  author =	 "R. Alur and
		  T. A. Henzinger",
  title =	 "Real-Time Logics: Complexity and Expressiveness",
  booktitle =	 "Proceedings of the Fifth Annual {IEEE} Symposium on
		  Logic in Computer Science",
  publisher =	 "IEEE Computer Society Press",
  address =	 "Washington, D.C.",
  pages =	 "390-401",
  year =	 1990,
  url =		 "citeseer.ist.psu.edu/alur90realtime.html"
}

@InBook{alur91:_rt_logics_survey,
  author =	 {R. Alur and
		  T. A. Henzinger},
  editor =	 {J. W. de Bakker and
		  K. Huizing and
		  W.-P. de Roever and
		  G. Rozenberg},
  title =	 {Logics and Models of Real-Time: A Survey},
  publisher =	 {Springer Verlag},
  year =	 1991,
  volume =	 600,
  series =	 {Lecture Notes in Computer Science},
  pages =	 {74-106}
}

@InProceedings{alur91:_rt_punctuality,
  author =	 "Rajeev Alur and
		  Tomas Feder and
		  Thomas A. Henzinger",
  title =	 "The Benefits of Relaxing Punctuality",
  booktitle =	 "Symposium on Principles of Distributed Computing",
  pages =	 "139-152",
  year =	 1991,
  url =		 "citeseer.ist.psu.edu/alur91benefits.html"
}

@InProceedings{alvarez87:_rt_programming,
  author =	 {Angel Alvarez},
  title =	 {Real-Time Programming and Priority Interrupt Systems},
  booktitle =	 {Proceedings of the First International Workshop
		  on Real-Time Ada Issues},
  year =	 1987,
  isbn =	 {0-89791-240-3},
  pages =	 {97-100},
  location =	 {Morehampstead, Devon, United Kingdom},
  doi =		 {http://doi.acm.org/10.1145/36821.36813},
  publisher =	 {ACM Press},
  address =	 {New York, NY, USA}
}

@Book{anderson01:_secur_engin,
  author =	 {Ross Anderson},
  title =	 {Security Engineering:
		  A Guide to Building Dependable Distributed Systems},
  publisher =	 {John Wiley \& Sons},
  year =	 2001
}

@Book{anderson08:_secur_engin,
  author =	 {Ross Anderson},
  title =	 {Security Engineering:
		  A Guide to Building Dependable Distributed Systems},
  publisher =	 {John Wiley \& Sons},
  edition =	 {Second},
  year =	 2008
}

@InProceedings{andolfato09:_wsf,
  author =	 {Andolfato, L. and
		  Karban, R.},
  title =	 "{Workstation Software Framework}",
  booktitle =	 {Society of Photo-Optical Instrumentation Engineers
		  (SPIE) Conference Series},
  year =	 2008,
  series =	 {Society of Photo-Optical Instrumentation Engineers
		  (SPIE) Conference Series},
  volume =	 7019,
  month =	 aug,
  doi =		 {10.1117/12.787385},
  adsurl =	 {\texttt{http://adsabs.harvard.edu/abs/2008SPIE.7019E..64A}},
  adsnote =	 {Provided by the SAO/NASA Astrophysics Data System}
}

@Article{aoki:_new_universal_time,
  author =	 {{Aoki}, S. and
		  {Kinoshita}, H. and
		  {Guinot}, B. and
		  {Kaplan}, G.~H. and
		  {McCarthy}, D.~D. and
		  {Seidelmann}, P.~K.},
  title =	 {The New Definition of Universal Time},
  journal =	 {Astronomy and Astrophysics},
  keywords =	 {SIDEREAL TIME, UNIVERSAL TIME, ASTROMETRY, CELESTIAL
		  REFERENCE SYSTEMS},
  year =	 1982,
  month =	 jan,
  volume =	 105,
  pages =	 {359-361},
  adshowpublished = {\texttt{http://adsabs.harvard.edu/abs/1982A%26A\ldots105..359A}},
  adsnote =	 {Provided by the SAO/NASA Astrophysics Data System}
}

@Article{apostol99:_elemen_view_Euler_summat_formul,
  author =	 {Tom M. Apostol},
  title =	 {An Elementary View of {Euler's} Summation Formula},
  journal =	 {The American Mathematical Monthly},
  year =	 1999,
  volume =	 106,
  number =	 5,
  pages =	 {409-418},
  month =	 {May},
  doi =		 {http://dx.doi.org/10.2307/2589145}
}

@InProceedings{arthur07:_assertions_linux_rtpreempt,
  author =	 {Siro Arthur and
		  Carsten Emde and
		  Nicholas Mc Guire},
  title =	 {Assessment of the {Realtime} {Preemption} {Patches}
		  ({RT-Preempt})
		  and their Impact on the General Purpose Performance
		  of the System},
  year =	 2007,
  month =	 nov,
  booktitle =	 {Proceedings of the 9th Real-Time Linux Workshop},
  location =	 {Linz, Asturias}
}

@InProceedings{asaduzzaman07:_dist_dataflow,
  author =	{Shah Asaduzzaman and
		 Muthucumaru Maheswaran},
  title =	{Towards a Decentralized Algorithm for Mapping Network and
		 Computational Resources for Distributed Data-Flow
		 Computations},
  booktitle =	{Proceedings of the 21st International Symposium on
		 High Performance Computing Systems and Applications},
  year =	2007,
  isbn =	{0-7695-2813-9},
  pages =	30,
  doi =		{http://dx.doi.org/10.1109/HPCS.2007.32},
  publisher =	{IEEE Computer Society},
  address =	{Washington, DC, USA}
}

@Article{atlee93:_rt_verification,
  author =	 {A. P. Atlee and
		  H. Gannon},
  title =	 {Specifying and Verifying Requirements
		  of Real-Time Systems},
  journal =	 {IEEE Transactions on Software Engineering},
  volume =	 19,
  number =	 1,
  year =	 1993,
  issn =	 {0098-5589},
  pages =	 {41-55},
  doi =		 {http://dx.doi.org/10.1109/32.210306},
  publisher =	 {IEEE Press},
  address =	 {Piscataway, NJ, USA}
}

@InProceedings{audsley91:_rt-deadline-monotonic,
  author =	 {N. C. Audsley and
		  A. Burns and
		  M. F. Richardson and
		  A. J. Wellings},
  title =	 {{Real}-{Time} Scheduling:
		  The Deadline-Monotonic Approach},
  booktitle =	 {Proceedings of the IEEE Workshop on Real-Time
		  Operating Systems and Software},
  year =	 1991,
  pages =	 {133--137}
}

@book{baeck97:_handb_evolut_comput,
  title =	 {Handbook of Evolutionary Computation},
  author =	 {B\"ack, T. and
		  Fogel, DB and
		  Michalewicz, Z.},
  year =	 1997,
  publisher =	 {Taylor \& Francis}
}

@InProceedings{baffico08:_puc_observatory,
  author =	 {M. Baffico and
		  G. Avila and
		  D. Baade and
		  E. Bendek and
		  C. Guirao and
		  O. Gonzalez and
		  P. Marchant and
		  V. Salas and
		  I. Toledo and
		  S. Vasquez and
		  L. Vanzi},
  editor =	 {Larry M. Stepp and Roberto Gilmozzi},
  title =	 {Observatorio {UC} at {Santa} {Martina}:
		  A Small Observing Facility Operated by {PUC}},
  publisher =	 {SPIE},
  year =	 2008,
  journal =	 {Ground-based and Airborne Telescopes II},
  volume =	 7012,
  number =	 1,
  eid =		 {70122O},
  numpages =	 7,
  pages =	 {70122O},
  location =	 {Marseille, France},
  howpublished = {\texttt{http://link.aip.org/link/?PSI/7012/70122O/1}},
  doi =		 {10.1117/12.788050}
}

@InProceedings{balarin94:_rt_verification,
  author =	 {Felice Balarin and
		  Alberto L. Sangiovanni-Vincentelli},
  title =	 {Iterative Algorithms for Formal Verification of
		  Embedded Real-Time Systems},
  booktitle =	 {Proceedings of the IEEE/ACM International Conference
		  on Computer-Aided Design},
  year =	 1994,
  isbn =	 {0-89791-690-5},
  pages =	 {450-457},
  location =	 {San Jose, California, United States},
  publisher =	 {IEEE Computer Society Press},
  address =	 {Los Alamitos, CA, USA},
}

@Book{barret05:_ssh_guide,
  author =	 {Daniel J. Barret and
		  Richard E. Silverman and
		  Robert G. Byrnes},
  title =	 {{SSH}, the Secure Shell: The Definitive Guide},
  publisher =	 {O'Reilly Media},
  year =	 2005
}

@Article{baskiyar05:_rtos_survey,
  author =	 {Sanjeev Baskiyar and
		  Natarajan Meghanathan},
  title =	 {A Survey of Contemporary
		  Real-Time Operating Systems.},
  journal =	 {Informatica (Slovenia)},
  volume =	 29,
  number =	 2,
  year =	 2005,
  pages =	 {233-240},
  ee =		 {http://www.informatica.si/PDF/29-2/12_Baskiyar-A\%20Survey\%20of\%20Contemporary...pdf},
  bibsource =	 {DBLP, http://dblp.uni-trier.de}
}

@Book{beck02:_TDD,
  author =	 {Kent Beck},
  title =	 {Test-Driven Development},
  publisher =	 {Addison-Wesley Professional},
  year =	 2002
}

@Book{beck04:_XP_explained,
  author =	 {Kent Beck},
  title =	 {Extreme Programming Explained: Embrace Change},
  publisher =	 {Addison-Wesley Professional},
  year =	 2004,
  edition =	 {Second}
}

@InProceedings{becker92:_engin_envir_hardw_softw_co_simul,
  author =	 {D. Becker and
		  R. Singh and
		  S. Tell},
  title =	 {An Engineering Environment
		  for Hardware/Software Co-Simulation},
  month =	 jun,
  year =	 1992,
  booktitle =	 {Proceedings of the 29th ACM/IEEE
		  Design Automation Conference},
  isbn =	 {0-8186-2822-7},
  pages =	 {129-134}
}

@InProceedings{belaid98:_CORBA_federation,
  author =	{Djamel Bela\"{\i}d and
		 Nicolas Provenzano and
		 Chantal Taconet},
  title =	{Dynamic Management of {CORBA} Trader Federation},
  booktitle =	{Proceedings of the 4th Usenix Conference on
		 Object-Oriented Technologies and Systems},
  year =	1998,
  pages =	{4-4},
  location =	{Santa Fe, New Mexico},
  publisher =	{Usenix Association},
  address =	{Berkeley, CA, USA},
}

@InProceedings{bellard05:_qemu,
  author =	 {Fabrice Bellard},
  title =	 {{QEMU}, a Fast and Portable Dynamic Translator},
  booktitle =	 {Proceedings of the
		  Usenix Anual Technical Conference, FREENIX Track},
  pages =	 {41-46},
  year =	 2005
}

@InProceedings{bellegarde06:_rt_verification,
  author =	 {Fran\c{c}oise Bellegarde and
		  Jacques Julliand and
		  Hassan Mountassir and
		  Emilie Oudot},
  title =	 {Experiments in the Use of t-Simulations
		  for the Components-Verification of Real-Time Systems},
  booktitle =	 {Proceedings of the 2006 Conference
		  on Specification and Verification
		  of Component-Based Systems},
  year =	 2006,
  isbn =	 {1-59593-586-X},
  pages =	 {33-40},
  location =	 {Portland, Oregon},
  doi =		 {http://doi.acm.org/10.1145/1181195.1181203},
  publisher =	 {ACM},
  address =	 {New York, NY, USA},
}

@Article{bentely93:_engin_sort_funct,
  author =	 {Jon L. Bentely and
		  M. Douglas McIllroy},
  title =	 {Engineering a Sort Function},
  journal =	 {Software -- Practice and Experience},
  year =	 1993,
  volume =	 23,
  number =	 11,
  pages =	 {1249-1265}
}

@Book{biggs03:_discr_mathem,
  author =	 {Norman L. Biggs},
  title =	 {Discrete Mathematics},
  publisher =	 {Oxford University Press},
  year =	 2003,
  edition =	 {Second}
}

@InProceedings{bodner93:_OO_model,
  author =    {D. A. Bodner and
	       S. Dilley-Schneider and
	       S. Narayanan and
	       U. Sreekanth and
	       T. Govindaraj and
	       L. F. McGinnis and
	       C. M.  Mitchell},
  title =     {Object-Oriented Modeling and Simulation
	       of Automated Control in Manufacturing},
  month =     may,
  year =      1993,
  booktitle = {Proceedings of IEEE International Conference
	       on Robotics and Automation},
  isbn =      {0-8186-3450-2},
  pages =     {83-88},
  volumen =   03
}

@InProceedings{bohra04:_remot_repair_operat_system_state_using_backd,
  author =	 {Aniruddha Bohra and
		  Iulian Neamtiu and
		  Pascal Gallard and
		  Florin Sultan and Liviu Iftode},
  title =	 {Remote Repair of Operating System State Using Backdoors},
  booktitle =	 {Proceedings of the First International Conference
		  on Autonomic Computing},
  pages =	 {256-263},
  year =	 2004
}

@Article{bond07:_track_bad_apples,
  author =	 {Michael D. Bond and
		  Nicholas Nethercote and
		  Stephen W. Kent and
		  Samuel Z. Guyer and
		  Kathryn S. McKinley},
  title =	 {Tracking Bad Apples: Reporting the Origin of Null
		  and Undefined Value Errors},
  journal =	 {SIGPLAN Notices},
  volume =	 42,
  number =	 10,
  year =	 2007,
  issn =	 {0362-1340},
  pages =	 {405-422},
  doi =		 {http://doi.acm.org/10.1145/1297105.1297057},
  publisher =	 {ACM},
  address =	 {New York, NY, USA},
}

@InProceedings{bosch00:_rt_disk_sched,
  author =	 {P. Bosch and
		  S. J. Mullender},
  title =	 {Real-Time Disk Scheduling in a Mixed-Media File System},
  booktitle =	 {Proceedings of the Sixth IEEE
		  Real-Time Technology and Applications Symposium},
  month =	 may,
  year =	 2000,
  pages =	 {23-32}
}

@InProceedings{bouyer08:_temporal_logics,
  author =	 "Patricia Bouyer",
  title =	 "Model-Checking Timed Temporal Logics",
  booktitle =	 "Electronic Notes in Theoretical Computer Science",
  year =	 2008,
  publisher =	 "Elsevier Science Publisher"
}

@Book{bovet01:_under_linux_kernel,
  author =	 {Daniel Pierre Bovet and Marco Cesati},
  title =	 {Understanding the {Linux} Kernel},
  publisher =	 ORA,
  year =	 2001
}

@Book{bovet02:_under_linux_kernel,
  author =	 {Daniel Pierre Bovet and Marco Cesati},
  title =	 {Understanding the {Linux} Kernel},
  publisher =	 {O'Reilly},
  year =	 2002,
  edition =	 {Second}
}

@Book{bovet05:_under_linux_kernel,
  author =	 {Daniel Pierre Bovet and Marco Cesati},
  title =	 {Understanding the {Linux} Kernel},
  publisher =	 {O'Reilly},
  year =	 2005,
  edition =	 {Third}
}

@Article{bowman08:_asymptote,
  author =	 {John C. Bowman and
		  Andy Hammerlindl},
  title =	 {Asymptote: A Vector Graphics Language},
  journal =	 {TUGboat: The Communications of the \TeX{} Users Group},
  year =	 2008,
  volume =	 29,
  number =	 2,
  pages =	 {288-294}
}

@Manual{brooks06:_gener_monit_contr_point_docum_conven,
  author =	 {M. Brooks and
		  R. Marson},
  title =	 {Generic Monitor \& Control Points
		  and Documentation Conventions},
  organization = {ALMA},
  month =	 feb,
  year =	 2006
}

@Manual{brooks07:_alma_monit_contr_bus_inter_specif,
  author =	 {M. Brooks and
		  L. D'Addario and
		  R. Marson},
  title =	 {{ALMA} Monitor and Control Bus Interface Specification},
  organization = {ALMA},
  month =	 jan,
  year =	 2007
}

@InProceedings{buble03:_CORBA_benchmarking,
  author =	 {Adam Buble and
		  Lubom\'{\i}r Bulej and
		  Petr Tuma},
  title =	 {{CORBA} Benchmarking:
		  A Course with Hidden Obstacles},
  booktitle =	 {Proceedings of the 17th International Symposium on
		  Parallel and Distributed Processing},
  year =	 2003,
  isbn =	 {0-7695-1926-1},
  pages =	 {279.1},
  publisher =	 {IEEE Computer Society},
  address =	 {Washington, DC, USA},
}

@Article{budinsky96:_automatic_code_generation,
  author =	 {F. J. Budinsky and
		  M. A. Finnie and
		  J. M. Vlissides and
		  P. S. Yu},
  title =	 {Automatic Code Generation from Design Patterns},
  journal =	 {IBM Systems Journal},
  volume =	 35,
  number =	 2,
  year =	 1996,
  issn =	 {0018-8670},
  pages =	 {151-171},
  doi =		 {10.1147/sj.352.0172},
  publisher =	 {IBM},
  address =	 {222 Rosewood Drive, Danvers, MA 01923 U.S.A},
}

@Book{burnside97:_theor_group_finit_order,
  author =	 {Burnside, William},
  title =	 {Theory of Groups of Finite Order},
  publisher =	 {Cambridge University Press},
  year =	 1897
}

@InProceedings{cai02:_autom_const_hierar_feder_archit,
  author =	{Wentong Cai and
		 Guangya Li and
		 Stephen John Turner and
		 Bu-Sung Lee and
		 Li Liu},
  title =	{Automatic Construction
		 of Hierarchical Federations Architecture},
  booktitle =	{Proceedings of the 6th IEEE International Workshop on
		 Distributed Simulation	and Real-Time Applications},
  year =	2002,
  pages =	{50-57},
  isbn =	{0-7695-1853-2},
  doi =		{http://doi.ieeecomputersociety.org/10.1109/DISRTA.2002.1166888}
}

@InProceedings{camarinha01:_serive_federation,
  author =	{Luis M. Camarinha-Matos and
		 Hamideh Afsarmanesh and
		 Ersin Cem Kaletas and
		 T. Cardoso},
  title =	{Service Federation in Virtual Organizations},
  booktitle =	{Proceedings of the IFIP TC5 / WG5.2 \& WG5.3 Eleventh
		International PROLAMAT Conference on Digital Enterprise -- New
		Challenges},
  year =	2001,
  isbn =	{0-7923-7556-4},
  pages =	{305-324},
  publisher =	{Kluwer, B.V.},
  address =	{Deventer, The Netherlands, The Netherlands},
}

@InProceedings{carrere99:_rt_object_oriented,
  author =	 {P. Carrere and
		  J. Hermant and
		  G. Le Lann},
  title =	 {In Pursuit of Correct Paradigms
		  for Object-Oriented Real-Time Distributed Systems},
  booktitle =	 {Proceedings of the 2nd IEEE International Symposium
		  on Object-Oriented Real-Time Distributed Computing},
  month =	 may,
  year =	 1999,
  pages =	 {271-279}
}

@Book{cederqvist06:_CVS,
  author =	 {Per Cederqvist and others},
  title =	 {Version Management with {CVS}},
  publisher =	 {Network Theory Ltd},
  year =	 2006,
  note =	 {Revised and updated for {CVS} version 1.11.22}
}

@Book{chacon09:_pro_git,
  author =	 {Scott Chacon},
  title =	 {Pro Git},
  publisher =	 {Apress},
  year =	 2009
}

@Article{chetto:_results_on_edf,
  author =	 {Chetto, Houssine and
		  Chetto, Maryline},
  title =	 {Some Results of the Earliest Deadline
		  Scheduling Algorithm},
  journal =	 {IEEE Transactions on Software Engineering},
  volume =	 15,
  number =	 10,
  year =	 1989,
  issn =	 {0098-5589},
  pages =	 {1261--1269},
  doi =		 {http://dx.doi.org/10.1109/TSE.1989.559777},
  publisher =	 {IEEE Press},
  address =	 {Piscataway, NJ, USA},
}

@InProceedings{chiozzi01:_ACS,
  author =	 {Gianluca Chiozzi and
		  B. Gustafsson and
		  Bogdan Jeram and
		  P. Sivera and
		  M. Plesko and
		  Matej Sekoranja and
		  G. Tracik and
		  J. Dovc and
		  M. Kadunc and
		  G. Milcinski and
		  I. Verstovsek and
		  K. Zagar},
  title =	 {{Common} {Software} for the {ALMA} project},
  booktitle =	 {Proceedings of ICALEPS},
  year =	 2001
}

@InProceedings{chiozzi02:_corba_based_common_softw_alma_projec,
  author =    {Gianluca Chiozzi and
	       Birger Gustafsson and
	       Bogdan Jeram and
	       Mark Plesko and
	       Matej Sekoranja and
	       Gasper Tkacik and
	       K. Zagar},
  title =     {{CORBA}-Based Common Software for the {ALMA} Project},
  month =     aug,
  year =      2002,
  booktitle = {Proceedings of SPIE},
  series =    {Advanced Telescope and Instrumentation Control Software II},
  volume =    4848,
  pages =     {43-54},
  doi =	      {http://dx.doi.org/10.1117/12.461036}
}

@InProceedings{chiozzi03:_ACS_status,
  author =	 {Gianluca Chiozzi and others},
  title =	 {The {ALMA} {Common} {Software} ({ACS}):
		  Status and Developments},
  booktitle =	 {Proceedings of ICALEPS},
  year =	 2003
}

@InProceedings{chiozzi04:_alma_common_softw,
  author =    {Gianluca Chiozzi and
	       Bogdan Jeram and
	       Heiko Sommer and
	       Alessandro Caproni and
	       Mark Plesko and
	       Matej Sekoranja and
	       Klemen Zagar and
	       David W. Fugate and
	       Paolo Di Marcantonio and
	       Roberto Cirami},
  title =     {The {ALMA} {Common} {Software}:
	       A Developer Friendly {CORBA} Based Framework},
  month =     jun,
  year =      2004,
  booktitle = {Proceedings of SPIE},
  series =    {Advanced Software, Control, and Communication Systems
	       for Astronomy},
  volume =    5496,
  pages =     {205-218},
  doi =	      {\url{http://dx.doi.org/10.1117/12.551943}}
}

@InProceedings{chiozzi05:_ACS_status,
  author =	 {Gianluca Chiozzi and others},
  title =	 {The {ALMA} {Common} {Software},
		  {ACS} Status and Developments},
  booktitle =	 {Proceedings of ICALEPS},
  year =	 2005
}

@InProceedings{chiozzi06:_applic_devel_using_alma_common_softw,
  author =    {G. Chiozzi and
	       A. Caproni and
	       B. Jeram and
	       H. Sommer and
	       V. Wang and
	       M. Plesko and
	       M. Sekoranja and
	       K. Zagar and
	       D. W. Fugate and
	       S. Harrington and
	       P. Di Marcantonio and
	       R. Cirami},
  title =     {Application Development Using the {ALMA} {Common} {Software}},
  month =     may,
  year =      2006,
  booktitle = {Proceedings of SPIE},
  series =    {Advanced Software and Control for Astronomy},
  volume =    6274,
  pages =     {24-31},
  doi =	      {\url{http://dx.doi.org/10.1117/12.671707}}
}

@Manual{chiozzi08:_acs_arch_spec,
  author =	 {Gianluca Chiozzi and
		  Heiko Sommer and
		  Joseph Schwarz},
  title =	 {{ALMA} {Common} {Software} Architecture},
  year =	 2008,
  month =	 jun,
  edition =	 {{F}-1.35},
  organization = {ESO}
}

@InProceedings{chiozzi08:_enabling_softw_sharin,
  author =	 {Gianluca Chiozzi and
		  Alan Bridger and
		  Kim Gillies and
		  Bret Goodrich and
		  Jimmy Johnson and
		  Kevin McCann and
		  German Schumacher and
		  Steve Wampler},
  title =	 {Enabling Technologies and Constraints
		  for Software Sharing in Large Astronomy Projects},
  month =	 jun,
  year =	 2008,
  booktitle =	 {Proceedings of SPIE},
  series =	 {Advanced Software and Control for Astronomy},
  volume =	 7019,
  doi =		 {http://dx.doi.org/10.1117/12.790419}
}

@InProceedings{chiozzi09:_acs_status,
  author =    {G. Chiozzi and
	       M. Sekoranja and
	       A. Caproni and
	       B. Jeram and
	       H. Sommer and
	       J. Schwarz and
	       R. Cirami and
	       H. Yatagai and
	       J. A. Avarias and
	       A. A. Hoffstadt and
	       J. S. Lopez and
	       A. Grimstrup and
	       N. Troncoso},
  title =     {{ALMA} {Common} {Software} {(ACS)}, Status and Development},
  month =     oct,
  year =      2009,
  booktitle = {Proceedings of ICALEPS},
}

@Article{chovitz88:_param_relevance_astronomy,
  author =	 {B.~H. Chovitz},
  title =	 {Parameters of Common Relevance of Astronomy,
		  Geodesy, and Geodynamics},
  journal =	 {Bulletin Geodesique},
  year =	 1988,
  month =	 sep,
  volume =	 62,
  pages =	 {359-367},
  doi =		 {10.1007/BF02520723},
  adshowpublished = {\texttt{http://adsabs.harvard.edu/abs/1988BGeod..62..359C}},
  adsnote =	 {Provided by the SAO/NASA Astrophysics Data System}
}

@Misc{collier04:_vxworks,
  author =	 {Jim Collier},
  title =	 {An Overview Tutorial of the {VxWorks} Real-Time
		  Operating System},
  howpublished = {\texttt{http://www.cross-comp.com/pages/embedded/index.php}}
}

@Book{collins-sussman08:_SVN,
  author =	 {Ben Collins-Sussman and
		  Brian W. Fitzpatrick and
		  C. Michael Pilato},
  title =	 {Version Control with {Subversion}},
  publisher =	 {O'Reilly},
  year =	 2008,
  edition =	 {Second}
}

@Book{corbet05:_linux_devic_driver,
  author =	 {Jonathan Corbet and
		  Alessandro Rubini and
		  Greg Kroah-Hartman},
  title =	 {Linux Device Drivers},
  publisher =	 {O'Reilly},
  year =	 2005,
  edition =	 {Third}
}

@Book{cormen09:_introd_algor,
  author =	 {Thomas H. Cormen and
		  Charles E. Leiserson and
		  Ronald L. Rivest and
		  Clifford Stein},
  title =	 {Introduction to Algorithms},
  publisher =	 {The MIT Press},
  year =	 2009,
  edition =	 {Third}
}

@Book{coulouris00:_distr_system,
  author =	 {George Coulouris and
		  Jean Dollimore and
		  Tim Kindberg},
  title =	 {Distributed Systems: Concepts and Design},
  publisher =	 {Addison Wesley},
  edition =	 {Third},
  year =	 2000,
  ISBN =	 0201619180
}

@Book{coulouris05:_distr_system,
  author =	 {George Coulouris and
		  Jean Dollimore and
		  Tim Kindberg},
  title =	 {Distributed Systems: Concepts and Design},
  publisher =	 {Addison Wesley},
  edition =	 {Fourth},
  year =	 2005,
  ISBN =	 0321263545
}

@Article{crowley07:_corpor_cds,
  author =	 {Ed Crowley},
  title =	 {Corporate Forensics Class Design with Open Source
		  Tools and Live {CDs}},
  journal =	 {Journal of Computing Sciences in Colleges},
  volume =	 22,
  number =	 4,
  year =	 2007,
  issn =	 {1937-4771},
  pages =	 {170-176},
  publisher =	 {Consortium for Computing Sciences in Colleges},
  address =	 {USA},
}

@Article{curnow76:_whetstone,
  author =	 {H. J. Curnow and
		  B. A. Wichmann},
  title =	 {A Synthetic Benchmark},
  journal =	 {Computer Journal},
  year =	 1976,
  volume =	 19,
  number =	 1,
  pages =	 {43-49}
}

@Article{curonw76:_synth_benchmark,
  author =	 {H. J. Curnow and
		  B. A. Wichman},
  title =	 {A Synthetic Benchmark},
  journal =	 {Computer Journal},
  year =	 1976,
  volume =	 19,
  number =	 1,
  pages =	 {43-49},
  month =	 feb
}

@InProceedings{dahan04:_grid_discovery_mechanism,
  author =	 {Dahan, S. and
		  Nicod, J.-M. and
		  Philippe, L.},
  title =	 {Scalability in a Grid Server Discovery Mechanism},
  booktitle =	 {10th IEEE International Workshop
		  on Future Trends of Distributed Computing Systems, 2004},
  year =	 2004,
  isbn =	 {0-7695-2118-5},
  pages =	 {46--51},
  publisher =	 {IEEE}
}

@InProceedings{daval-frerot00:_feder_resour_trader_OO_distr_system,
  author =	 {Claude Daval-Frerot and
		  Michel Lacroix and
		  Her\'e Guyennet},
  title =	 {Federation of Resource Traders
		  in Object-Oriented Distributed Systems},
  booktitle =	 {Proceedings of the International Conference on
		  Parallel Computing in Electrical Engineering},
  pages =	 {84-88},
  year =	 2000,
  publisher =	 {IEEE Computer Society}
}

@Book{diestel10:_graph_theor,
  author =	 {Diestel, Reinhard},
  title =	 {Graph Theory},
  publisher =	 {Springer Verlag},
  year =	 2010,
  series =	 {Graduate Texts in Mathematics},
  edition =	 {Fourth}
}

@Book{doar05:_pract_devel_envir,
  author =	 {Matthew B. Doar},
  title =	 {Practical Development Environments},
  publisher =	 {O'Reilly Media},
  year =	 2005
}

@Techreport{donohoe90:_hartstone,
  author =	 {P. Donohoe and
		  R. Shapiro and
		  N. Weiderman},
  title =	 {Hartstone Benchmark Results and Analysis},
  institution =	 {Carnegie Mellon University -- Software Engineering
		  Institute},
  year =	 1990,
  number =	 {CMU/SEI-90-TR-7}
}

@Book{douglass03:_rt_design,
  author =	 "Bruce Powel Douglass",
  title =	 "Real-Time Design Patterns:
		  Robust Scalable Architecture for Real-Time Systems",
  publisher =	 "Addison-Wesley",
  address =	 "Boston",
  year =	 2003
}

@InProceedings{dozio03:_RTAI,
  author =	 {L. Dozio and
		  P. Mantegazza},
  title =	 {Real Time Distributed Control Systems Using {RTAI}},
  booktitle =	 {Sixth IEEE International Symposium on
		  Object-Oriented Real-Time Distributed Computing},
  month =	 may,
  year =	 2003,
  pages =	 {11-18}
}

@InProceedings{drummond96:_dist_benchmark,
  author =	 {J. Drummond},
  title =	 {Establishing a Real-Time Distributed Benchmark},
  booktitle =	 {Proceedings of the 4th International Workshop on
		  Parallel and Distributed Real-Time Systems},
  month =	 apr,
  year =	 1996,
  pages =	 {200-201}
}

@Article{dubois89:_processingfuzzy,
  author =	 {D Dubois and
		  H Prade},
  title =	 {Processing Fuzzy Temporal Knowledge},
  journal =	 {IEEE Transactions on Systems, Man, and Cybernetics},
  year =	 1989,
  number =	 19,
  pages =	 {729--744},
  doi =		 {10.1109/21.35337}
}

@InProceedings{farris05:_alma_teles_contr_system,
  author =    {A. Farris and
	       R. Marson and
	       J. Kern},
  title =     {The {ALMA} Telescope Control System},
  month =     oct,
  year =      2005,
  booktitle = {Proceedings of ICALEPS},
}

@InProceedings{farris06:_generating_software_modules,
  author =    {A. Farris and
	       R. Marson and
	       J. Kern},
  title =     {Generating Software Modules
	       Using Model Driven Software Development},
  month =     oct,
  year =      2006,
  booktitle = {Astronomical Data Analysis Software and Systems XVI},
  volume =    376,
  pages =     523
}

@Manual{farris07:_device_driver_code_gener_framew,
  author =	 {A. Farris and T. Juerges},
  title =	 {Device Driver Code Generation Framework},
  organization = {ALMA},
  month =	 may,
  year =	 2007
}

@Manual{farris08:_control_subsystem_design,
  author =	 {Allen Farris and
		  Ralph Marson and
		  Jeff Kern},
  title =	 {{Control} {Subsystem} {Design} {Document}},
  year =	 2008,
  month =	 jul,
  organization = {ALMA},
}

@Article{fay00:_rt_CORBA,
  author =	 {Victor Fay-Wolfe and
		  Lisa C. DiPippo and
		  Gregory Copper and
		  Russell Johnston and
		  Peter Kortmann and
		  Bhavani Thuraisingham},
  title =	 {Real-Time {CORBA}},
  journal =	 {IEEE Transactions on Parallel and Distributed Systems},
  volume =	 11,
  number =	 10,
  year =	 2000,
  issn =	 {1045-9219},
  pages =	 {1073-1089},
  doi =		 {http://dx.doi.org/10.1109/71.888646},
  publisher =	 {IEEE Press},
  address =	 {Piscataway, NJ, USA}
}

@Article{feizabadi04:_rt_sched_POSIX,
  author =	 {Shahrooz Feizabadi and
		  Peng Li and
		  Binoy Ravindran and
		  Syed Suhaib},
  title =	 {A Formally Verified Application-Level Framework for
		  Real-Time Scheduling
		  on {POSIX} Real-Time Operating Systems},
  journal =	 {IEEE Transactions on Software Engineering},
  volume =	 30,
  number =	 9,
  year =	 2004,
  issn =	 {0098-5589},
  pages =	 {613-629},
  doi =		 {http://dx.doi.org/10.1109/TSE.2004.45},
  publisher =	 {IEEE Press},
  address =	 {Piscataway, NJ, USA}
}

@Article{felber04:_fault_tolerant_CORBA,
  author =	{Pascal Felber and
		 Priya Narasimhan},
  title =	{Experiences, Strategies, and Challenges
		 in Building Fault-Tolerant {CORBA} Systems},
  journal =	{IEEE Transactions on Computers},
  year =	2004,
  volume =	53,
  number =	5,
  month =	may,
  pages =	{497-511},
  isbn =	{0018-9340},
  doi =		{http://dx.doi.org/10.1109/TC.2004.1275293}
}

@InProceedings{ferayorni07:_domain_driven_simul_model_softw_desig,
  author =	 {Andrew E. Ferayorni and
		  Hessam S. Sarjoughian},
  title =	 {Domain Driven Simulation Modeling for Software Design},
  year =	 2007,
  booktitle =	 {Proceedings of the Summer Computer Simulation Conference},
  isbn =	 {1-56555-316-0},
  pages =	 {297-304}
}

@Techreport{filipi99:_vlt_software,
  author =	 {G. Filipe},
  title =	 {{VLT} {Common} {Software} Overview},
  institution =	 {ESO},
  year =	 1999,
  number =	 {VLT-MAN-ESO-17200-0888}
}

@InProceedings{floch95:_automatic_code_generator,
  author =	 {Jacqueline Floch},
  title =	 {Supporting Evolution and Maintenance by Using a
		  Flexible Automatic Code Generator},
  booktitle =	 {Proceedings of the 17th International Conference on
		  Software Engineering},
  year =	 1995,
  isbn =	 {0-89791-708-1},
  pages =	 {211--219},
  location =	 {Seattle, Washington, United States},
  doi =		 {http://doi.acm.org/10.1145/225014.225034},
  publisher =	 {ACM},
  address =	 {New York, NY, USA},
}

@Book{fogel:_producing_OSS,
  author =	 {Kark Fogel},
  title =	 {Producing {Open} {Source} {Software}:
		  How to Run a Successful Free Software Project},
  publisher =	 {O'Reilly Media},
  year =	 2005,
  annote =	 {http://producingoss.com}
}

@Book{fowler03:_uml_distilled,
  author =	 {Martin Fowler},
  title =	 {{UML} Distilled:
		  A Brief Guide to the Standard Object Modeling Language},
  isbn =	 {978-0321193681},
  month =	 sep,
  year =	 2003,
  publisher =	 {Addison-Wesley Professional},
  edition =	 {third}
}

@InProceedings{freedmen00:_rt_dist_benchmark,
  author =	 {R. Freedmen and
		  J. Maurer and
		  V. Wolfe and
		  S. Wohlever and
		  M. Milligan and
		  B. Thuraisingham},
  title =	 {Benchmarking Real-Time Distributed Object Management Systems
		  for Evolvable and Adaptable
		  Command and Control Applications},
  booktitle =	 {Proceedings of the 3rd IEEE International Symposium
		  on Object-Oriented Real-Time Distributed Computing},
  month =	 mar,
  year =	 2000,
  pages =	 {202-205}
}

@InProceedings{fugate04:_ACS_event_system,
  author =	 {D. Fugate},
  title =	 {A {CORBA} Event System for {ALMA} {Common} {Software}},
  booktitle =	 {Proceedings of SPIE},
  year =	 2004
}

@Manual{fugate04:_acs_time_system,
  author =	 {David Fugate},
  title =	 {{ALMA} {Common} {Software} Time System},
  year =	 2004,
  month =	 nov,
  organization = {University of Calgary}
}

@InProceedings{fugate05:_gener_softw_inter_simul_alma_common_softw,
  author =    {D. Fugate and
	       G.Chiozzi and
	       A. Caproni and
	       B. Jeram and
	       H. Sommer and
	       S. Harrington},
  title =     {A Generic Software Interface Simulator
	       for {ALMA} {Common} {Software}},
  month =     oct,
  year =      2005,
  booktitle = {Proceedings of ICALEPS},
}

@Article{fuggetta03:_OSS,
  author =	 {Fuggetta, Alfonso},
  title =	 {{Open} {Source} {Software} -- An Evaluation},
  journal =	 {Journal of Systems and Software},
  year =	 2003,
  volume =	 66,
  number =	 1,
  pages =	 {77-90},
  month =	 {Apr},
  doi =		 {doi:10.1016/S0164-1212(02)00065-1}
}

@InProceedings{gabbay80:_temporal_analysis,
  author =	 {Dov Gabbay and
		  Amir Pnueli and
		  Saharon Shelah and
		  Jonathan Stavi},
  title =	 {On the Temporal Analysis of Fairness},
  booktitle =	 {Proceedings of the 7th ACM SIGPLAN-SIGACT Symposium
		  on Principles of Programming Languages},
  year =	 1980,
  isbn =	 {0-89791-011-7},
  pages =	 {163-173},
  location =	 {Las Vegas, Nevada},
  doi =		 {http://doi.acm.org/10.1145/567446.567462},
  publisher =	 {ACM},
  address =	 {New York, NY, USA},
}

@Book{gamma94:_design_patterns,
  author =	 {Erich Gamma and
		  Richard Helm and
		  Ralph Johnson and
		  John M. Vlissides},
  title =	 {Design Patterns:
		  Elements of Reusable Object-Oriented Software},
  publisher =	 {Addison Wesley Professional},
  year =	 1994
}

@Article{gansner00:_open_graph_visualization_system,
  author =	 {Emden R. Gansner and
		  Stephen C. North},
  title =	 {An Open Graph Visualization System
		  and Its Applications to Software Engineering},
  journal =	 {Software -- Practice and Experience},
  year =	 2000,
  volume =	 30,
  number =	 11,
  pages =	 {1203-1233},
  doi =		 {10.1.1.106.5621}
}

@Article{gansner93:_tech_drawing_dir_graph,
  author =	 {Emden R. Gansner and
		  Eleftherios Koutsofios and
		  Stephen C. North and
		  Kiem-phong Vo},
  title =	 {A Technique for Drawing Directed Graphs},
  journal =	 {IEEE Transactions on Software Engineering},
  year =	 1993,
  volume =	 19,
  number =	 3,
  pages =	 {214-230},
  doi =		 {10.1.1.3.8982}
}

@Article{gao05:_webservice_optimization,
  author =	{Xia Gao and
		 Ravi Jain and
		 Zulfikar Ramzan and
		 Ulas Kozat},
  title =	{Resource Optimization for Web Service Composition},
  journal =	{Proceedings of the IEEE International Conference on
		 Service Computing},
  year =	2005
}

@Book{garfinkel94:_pgp,
  author =	 {Simson Garfinkel},
  title =	 {{PGP}: {Pretty} {Good} {Privacy}},
  publisher =	 {O'Reilly Media},
  year =	 1994
}

@TechReport{ghosh94:_rtos_survey,
  author =	 {Kaushik Ghosh and
		  Bodhisattwa Mukherjee and
		  Karsten Schwan},
  title =	 {A Survey of Real-Time Operating Systems},
  institution =	 {Georgia Institute of Technology},
  year =	 1994,
  number =	 {GIT-CC-93/18},
  address =	 {Atlanta, Georgia},
  url =		 "citeseer.ist.psu.edu/ghosh94survey.html"
}

@Manual{gianluca06:_ACS_overview,
  author =	 {Gianluca Chiozzi and
		  Matej \v{S}ekoranja},
  title =	 {{ALMA} {Common} {Software} {Overview}},
  year =	 2006
}

@Article{gilbert02:_CAP_theorem,
  author =	 {Seth Gilbert and
		  Nancy Lynch},
  title =	 {Brewer's Conjecture and the Feasibility
		  of Consistent, Available, Partition-Tolerant Web Services},
  journal =	 {ACM SigAct News},
  year =	 2002,
  volume =	 33,
  number =	 2,
  pages =	 {51-59},
  month =	 jun
}

@Manual{glendenning01:_tics_design,
  author =	 {Glendenning, B. and
		  Brooks, M. and
		  Chiozzi, G. and
		  Harris, G. and
		  Heald, R. and
		  Pisano, J. and
		  Pokorny, M. and
		  Stauffer, F.},
  title =	 {{Test} {Interferometer} {Control} {Software}
		  {Design} {Concept}},
  institution =	 {ALMA},
  year =	 2001,
  month =	 nov
}

@Book{gollmann99:_comput_secur,
  author =	 {Dieter Gollmann},
  title =	 {Computer Security},
  publisher =	 {John Wiley \& Sons},
  year =	 1999
}

@Article{gorton97:_collab_tools_suppor_sw_eng,
  author =	 {Gorton, I. and
		  Hawryszkiewycz, I. and
		  Ragoonaden, K.},
  title =	 {Collaborative Tools and Processes to Support
		  Software Engineering Shift Work},
  journal =	 {BT Technology Journal},
  volume =	 15,
  number =	 3,
  year =	 1997,
  issn =	 {1358-3948},
  pages =	 {189--198},
  doi =		 {http://dx.doi.org/10.1023/A:1018658824180},
  publisher =	 {Kluwer Academic Publishers},
  address =	 {Hingham, MA, USA},
}

@Book{graham94:_concr_mathem,
  author =	 {Ronald L. Graham and
		  Donald E. Knuth and
		  Oren Patashnik},
  title =	 {Concrete Mathematics:
		  A Foundation for Computer Science},
  publisher =	 {Addison-Wesley Professional},
  year =	 1994,
  edition =	 {Second}
}

@Book{grassman96:_logic_discr_mathem,
  author =	 {Winfried Karl Grassman and
		  Jean-Paul Tremblay},
  title =	 {Logic and Discrete Mathematics:
		  A Computer Science Perspective},
  publisher =	 {Prentice Hall},
  year =	 1996
}

@Manual{grega05:_acs_comp_cont_fram_tut,
  author =	 {Milcinski, G and
		  Sekoranja, M and
		  Lopez, B and
		  Fugate, D and
		  Caproni, A},
  title =	 {{ACS} {C++}
		  {Component}/{Container} {Framework}
		  {Tutorial}},
  organization = {ALMA},
  month =	 {may},
  year =	 2005
}

@Article{grolleau:_offline_rt_schedules_petri_nets,
  author =	 {Grolleau,, E. and
		  Choquet-Geniet,, A.},
  title =	 {Off-Line Computation of Real-Time
		  Schedules Using {Petri} Nets},
  journal =	 {Discrete Event Dynamic Systems},
  volume =	 12,
  number =	 3,
  year =	 2002,
  issn =	 {0924-6703},
  pages =	 {311--333},
  doi =		 {http://dx.doi.org/10.1023/A:1015673516542},
  publisher =	 {Kluwer Academic Publishers},
  address =	 {Hingham, MA, USA},
}

@Book{grune02:_compiler_design,
  author    =	 {Dick Grune and
		  Henri E. Bal and
		  Ceriel J. H. Jacobs and
		  Koen Langendoen},
  title	    =	 {Modern Compiler Design},
  publisher =	 {John Wiley},
  year	    =	 2002,
  isbn	    =	 {0-471-97697-0},
  bibsource =	 {DBLP, http://dblp.uni-trier.de}
}

@Article{harel87:_statecharts,
  author =	 "David Harel",
  title =	 "Statecharts: A Visual Formalism for Complex Systems",
  journal =	 "Science of Computer Programming",
  volume =	 8,
  number =	 3,
  month =	 jun,
  pages =	 "231-274",
  year =	 1987,
  url =		 "citeseer.ist.psu.edu/harel87statecharts.html"
}

@Article{haupt07:ALMA_progress,
  author =	 {Christoph Haupt and
		  Hans Rykaczewski},
  title =	 {Progress of the {ALMA} Project},
  journal =	 {The ESO Messenger},
  year =	 2007,
  volume =	 128,
  pages =	 {25-30},
  month =	 jun,
  howpublished = {\texttt{http://www.eso.org/sci/publications/messenger}}
}

@InProceedings{he07:_code_compac_operat_system_kernel,
  author =	 {Haifeng He and
		  John Trimble and
		  Somu Perianayagam and
		  Saumya Debray and
		  Gregory Andrews},
  title =	 {Code Compaction of an Operating System Kernel},
  booktitle =	 {Proceedings of the International Symposium on Code
		  Generation and Optimization},
  year =	 2007,
  isbn =	 {0-7695-2764-7},
  pages =	 {283-298},
  doi =		 {http://dx.doi.org/10.1109/CGO.2007.3},
  publisher =	 {IEEE Computer Society},
  address =	 {Washington, DC, USA},
}

@InProceedings{heiko03:_ACS_XML_bindings,
  author =	 {Heiko Sommer and
		  Gianluca Chiozzi},
  title =	 {Transparent {XML} Binding
		  Using the {ALMA} {Common} {Software} ({ACS})
		  Container/Component Framework},
  booktitle =	 {Proceedings of the 13th Astronomical Data Analysis
		  Software \& Systems Conference},
  year =	 2003
}

@InProceedings{heiko04:_ACS_compcont_model,
  author =	 {Heiko Sommer and
		  Gianluca Chiozzi and
		  Klemen Zagar and
		  Markus Voelter},
  title =	 {Container-Component Model and {XML} in {ALMA} {ACS}},
  publisher =	 {SPIE},
  year =	 2004,
  journal =	 {Advanced Software, Control, and Communication Systems
		  for Astronomy},
  volume =	 5496,
  number =	 1,
  pages =	 {219-229},
  editor =	 {Hilton Lewis and Gianni Raffi},
  location =	 {Glasgow, Scotland, United Kingdom},
  howpublished = {\texttt{http://link.aip.org/link/?PSI/5496/219/1}},
  doi =		 {10.1117/12.551718}
}

@Book{heitmeyer96:_rt_formal,
  author =	 {Constance Heitmeyer and
		  Dino Mandrioli},
  title =	 {Formal Methods for Real-Time Computing},
  year =	 {1996},
  isbn =	 {0471958352},
  publisher =	 {John Wiley \& Sons, Inc.},
  address =	 {New York, NY, USA},
}

@Article{heitmeyer98:_practical_formal_methods,
  author =	 "Constance Heitmeyer",
  title =	 "On the Need for ``Practical'' Formal Methods",
  journal =	 "Lecture Notes in Computer Science",
  volume =	 1486,
  pages =	 "18-26",
  year =	 1998,
  url =		 "citeseer.ist.psu.edu/heitmeyer98need.html"
}

@Book{henning98:_corba_cpp,
  author =	 "Michi Henning and
		  Steve Vinoski",
  title =	 "Advanced {CORBA} Programming with {C++}",
  publisher =	 {Addison-Wesley},
  year =	 1998,
  edition =	 {Third}
}

@Book{henning99:_advan_corba_progr,
  author =	 {Michi Henning and
		  Steve Vinoski},
  title =	 {Advanced {CORBA} Programming with {C++}},
  isbn =	 {978-0201379273},
  month =	 feb,
  year =	 1999,
  publisher =	 {Addison-Wesley Professional}
}

@InProceedings{hildebrand92:_QNX_overview,
  author =	 {Dan Hildebrand},
  title =	 {An Architectural Overview of {QNX}},
  booktitle =	 {Proceedings of the Workshop on Micro-Kernels and
		  Other Kernel Architectures},
  year =	 1992,
  isbn =	 {1-880446-42-1},
  pages =	 {113-126},
  publisher =	 {Usenix Association},
  address =	 {Berkeley, CA, USA},
}

@Book{hill96:_OOA_sim,
  author =	 {David R. C. Hill},
  title =	 {Object-Oriented Analysis and Simulation},
  isbn =	 {978-0201877595},
  month =	 nov,
  year =	 1996,
  edition =	 {First},
  publisher =	 {Addison Wesley Longman}
}

@Article{hoare62:_quicksort,
  author =	 {C. A. R. Hoare},
  title =	 {Quicksort},
  journal =	 {Computer Journal},
  year =	 1962,
  month =	 apr,
  volume =	 5,
  number =	 1,
  pages =	 {10-15}
}

@Book{hoque98:_corba3,
  author =	 {Reaz Hoque},
  title =	 {CORBA 3},
  isbn =	 {978-0764532009},
  month =	 may,
  year =	 1998,
  publisher =	 {Wiley Publishing}
}

@InProceedings{huang07:_pda,
  author =	 {Hai Huang and
		  Raymond Jennings III and
		  Yaoping Ruan and
		  Ramendra Sahoo and
		  Sambit Sahu and
		  Anees Shaikh},
  title =	 {{PDA}: A Tool for Automated Problem Determination},
  booktitle =	 {Proceedings of the
		  Usenix Large Installation
		  System Administration Conference},
  pages =	 {153–166},
  year =	 2007
}

@Article{huang07:_rt_systems,
  author =	 {Jinfeng Huang and
		  Jeroen Voeten and
		  Henk Corporaal},
  title =	 {Predictable Real-Time Software Synthesis},
  journal =	 {Real-Time Systems},
  volume =	 36,
  number =	 3,
  year =	 2007,
  issn =	 {0922-6443},
  pages =	 {159-198},
  doi =		 {http://dx.doi.org/10.1007/s11241-007-9013-6},
  publisher =	 {Kluwer Academic Publishers},
  address =	 {Norwell, MA, USA},
}

@Article{hunter07:_matplotlib,
  author =	 {Hunter, J. D.},
  title =	 {{Matplotlib}: A {2D} Graphics Environment},
  journal =	 {Computing in Science \& Engineering},
  year =	 2007,
  volume =	 9,
  number =	 3,
  pages =	 {90-95},
  doi =		 {http://dx.doi.org/10.1109/MCSE.2007.55}
}

@Manual{intel04:_hpet,
  author =	 {Intel},
  title =	 {{IA}-{PC} {HPET} ({High} {Precision} {Event} {Timers})
		  {Specification}},
  month =	 oct,
  year =	 2004
}

@Book{iso:8601:2004,
  author =	 {{International Standards Organization}},
  title =	 {{ISO 8601:2004.} Data elements and interchange formats --
		  Information interchange --
		  Representation of dates and times}}

@InProceedings{jahankhani07:_digit_anti_foren,
  author =	 {Hamid Jahankhani and
		  Bouras Anastasios and
		  Kenneth Revett},
  title =	 {Digital Anti Forensics: Tools and Approaches},
  booktitle =	 {Proceedings of the 6th
		  European Conference on Information Warfare and Security},
  pages =	 {115-120},
  year =	 2007,
  organization = {Academic Conferences International},
  publisher =	 "International Organization for Standardization",
  address =	 "Geneva, Switzerland",
  pages =	 27,
  year =	 2004,
  month =	 dec,
  price =	 "CHF 108",
  URL =		 "http://www.iso.ch/cate/d26780.html",
  acknowledgement = ack-nhfb,
}

@InProceedings{jensen85:_rt_scheduling,
  author =	 {E. Jensen and
		  C. Locke and
		  H. Tokuda},
  title =	 {A Time Driven Scheduling Model
		  for Real-Time Operating Systems},
  booktitle =	 {Proceedings of the IEEE Real-Time Systems Symposium},
  pages =	 {112-122},
  year =	 1985,
  url =		 "citeseer.ist.psu.edu/jensen85timedriven.html"
}

@Article{jensen97:_eliminating_hard_soft_rt,
  title =    {Eliminating the `hard'/`soft' real-time dichotomy},
  author =   {Jensen, E.D.},
  journal =  {Computing \& Control Engineering Journal},
  year =     1997,
  month =    {Feb},
  volume =   8,
  number =   1,
  pages =    {15-19},
  keywords = {computational complexity, operating system kernels,
	      real-time systemsAlpha kernel, benefit accrual model,
	      collective timeliness, hard/soft real time dichotomy,
	      orthogonal functions, real time continuum, real time hardness,
	      scoped attribute, time constraint, time value functional model,
	      timeliness, timeliness requirements},
  doi =	     {http://dx.doi.org/10.1049/cce:19970104},
  ISSN =     {0956-3385}
}

@Manual{jeram02:_ACS_error_system,
  author =	 {B. Jeram and
		  G. Chiozzi and
		  M. Plesko and
		  D. Fugate and
		  S. Roberts},
  title =	 {{ACS} Error System},
  year =	 2002,
  month =	 oct,
  organization = {ESO}
}

@InProceedings{jeram03:_gener_abstr_hardw_contr_based,
  author =    {B. Jeram and
	       G. Chiozzi and
	       J. Ibsen and
	       R. Cirami and
	       M. Pokorny and
	       D. Muders and
	       D. Wischolek},
  title =     {Generic Abstraction of Hardware Control
	       Based on the {ALMA} {Common} {Software}},
  month =     oct,
  year =      2003,
  booktitle = {Proceedings of Astronomical Data Analysis Software and Systems
	       XIII},
  series =    {Astronomical Society of the Pacific Conference},
  volume =    314,
  pages =     {748-754},
  isbn =      {1-58381-169-9}
}

@InProceedings{joines93:_build_c,
  author =	 {Jeffrey A. Joines and
		  Stephen D. Roberts and
		  Kenneth A. Powell, Jr.},
  title =	 {Building Object-Oriented Simulations with {C++}},
  year =	 1993,
  booktitle =	 {Proceedings of the 25th conference
		  on Winter Simulation},
  isbn =	 {0-7803-1381-X},
  pages =	 {79-88},
  doi =		 {\url{http://doi.acm.org/10.1145/256563.256590}}
}

@MastersThesis{juerges07:_entwur_realis_nachf_teles_beweg,
  author =	 {Thomas Juerges},
  title =	 {{Entwurf} und {Realisierung}
		  einer {Nachf\"uhrungskorrektur} f\"ur {Teleskope}
		  mit mehr als zwei {Bewegungsfreiheitsgraden}},
  school =	 {Diplom-Physikingenieur Diplomarbeit,
		  Universit\"at Duisburg, Essen},
  month =	 oct,
  year =	 2007
}

@Article{kaplenk:_using_linux_teach_unix_system_admin,
  author =	 {Joe Kaplenk},
  title =	 {Using {Linux} to Teach {Unix} System Administration},
  journal =	 {Linux Journal},
  issn =	 {1075-3583},
  pages =	 6,
  year =	 1997,
  publisher =	 {Specialized Systems Consultants, Inc.},
  address =	 {Seattle, WA, USA},
}

@InProceedings{kelley59:_CPM,
  author =	 {Kelley, James and
		  Walker, Morgan},
  title =	 {Critical-Path Planning and Scheduling},
  booktitle =	 {Proceedings of the Eastern Joint Computer Conference},
  year =	 1959
}

@Article{kephart03:_vision_auton_comput,
  author =	 {J.O. Kephart and
		  D.M. Chess},
  title =	 {The Vision of Autonomic Computing},
  journal =	 {IEEE Computer},
  year =	 2003,
  volume =	 36,
  number =	 1,
  pages =	 {41-50},
  doi =		 {http://dx.doi.org/10.1109/MC.2003.1160055}
}

@Book{kernighan76:_softw_tools,
  author =	 {Brian W. Kernighan and
		  P. J. Plaugher},
  title =	 {Software Tools},
  publisher =	 {Addison Wesley},
  year =	 1976
}

@Article{kim00:_rt_API,
  author =	 {K. H. Kim},
  title =	 {{APIs} for Real-Time Distributed Object Programming},
  journal =	 {IEEE Computer},
  volume =	 33,
  number =	 6,
  month =	 jun,
  year =	 2000,
  pages =	 {72-80}
}

@InProceedings{kim04:_rt_challenges,
  author =	 {K. Kim},
  title =	 {Fundamental Research Challenges
		  in Real-Time Distributed Computing},
  booktitle =	 {Proceedings of the 10th IEEE International Workshop
		  on Future Trends of Distributed Computing Systems},
  year =	 2004,
  month =	 may,
  pages =	 {2-9}
}

@InProceedings{knopper00:_Knoppix,
  author =	 {Klaus Knopper},
  title =	 {Building a Self-Contained Auto-Configuring
		  {Linux} System on an iso9660 Filesystem},
  booktitle =	 {Proceedings of the 4th Conference on 4th
		  Annual Linux Showcase \& Conference},
  year =	 2000,
  pages =	 {44-44},
  location =	 {Atlanta, Georgia},
  publisher =	 {Usenix Association},
  address =	 {Berkeley, CA, USA},
}

@Book{knuth73:_fundam_algor,
  author =	 {Donald E. Knuth},
  title =	 {Fundamental Algorithms},
  publisher =	 {Addison-Wesley},
  year =	 1973,
  volume =	 1,
  series =	 {The Art of Computer Programming},
  edition =	 {second}
}

@Book{knuth73:_sortin_searc,
  author =	 {Donald E. Knuth},
  title =	 {Sorting and Searching},
  publisher =	 {Addison-Wesley},
  year =	 1973,
  volume =	 3,
  series =	 {The Art of Computer Programming}
}

@Book{knuth81:_semin_algor,
  author =	 {Donald E. Knuth},
  title =	 {Seminumerical Algorithms},
  publisher =	 {Addison-Wesley},
  year =	 1981,
  volume =	 2,
  series =	 {The Art of Computer Programming},
  edition =	 {second}
}

@Book{knuth97:_fundam_algor,
  author =	 {Donald E. Knuth},
  title =	 {Fundamental Algorithms},
  publisher =	 {Addison-Wesley},
  year =	 1997,
  volume =	 1,
  series =	 {The Art of Computer Programming},
  edition =	 {third}
}

@Book{knuth97:_semin_algor,
  author =	 {Donald E. Knuth},
  title =	 {Seminumerical Algorithms},
  publisher =	 {Addison-Wesley},
  year =	 1997,
  volume =	 2,
  series =	 {The Art of Computer Programming},
  edition =	 {third}
}

@Book{knuth98:_sortin_searc,
  author =	 {Donald E. Knuth},
  title =	 {Sorting and Searching},
  publisher =	 {Addison-Wesley},
  year =	 1998,
  volume =	 3,
  edition =	 {second},
  series =	 {The Art of Computer Programming}
}

@InProceedings{koymans83:_rt_message_passing,
  author =	 {Ron Koymans and
		  Jan Vytopil and
		  Willem P. de Roever},
  title =	 {Real-Time Programming and Asynchronous Message Passing},
  booktitle =	 {Proceedings of the Second Annual ACM Symposium on
		  Principles of Distributed Computing},
  year =	 1983,
  isbn =	 {0-89791-110-5},
  pages =	 {187-197},
  location =	 {Montreal, Quebec, Canada},
  doi =		 {http://doi.acm.org/10.1145/800221.806721},
  publisher =	 {ACM Press},
  address =	 {New York, NY, USA}
}

@InProceedings{koymans87:_rt_message_passing,
  author =	 {Ron Koymans},
  title =	 {Specifying Message Passing Systems
		  Requires Extending Temporal Logic},
  booktitle =	 {Temporal Logic in Specification},
  year =	 1987,
  pages =	 {213-223},
}

@Book{krause07:_found_gtk_dev,
  author	= {Andrew Krause},
  title		= {Foundations of GTK+ Development},
  publisher	= {Apress},
  year		= 2007
}

@InProceedings{krishna04:_rt_CORBA_java,
  author =	 {A. Krishna and
		  D. Schmidt and
		  R. Klefstad},
  title =	 {Enhancing Real-Time {CORBA}
		  via Real-Time {Java} Features},
  booktitle =	 {Proceedings of the 24th International Conference on
		  Distributed Computing Systems},
  year =	 2004,
  pages =	 {66-73}
}

@article{lanubile10:_collab_tools_global_sw_eng,
  author =	 {Filippo Lanubile and
		  Christof Ebert and
		  Rafael Prikladnicki and
		  Aurora Vizcaino},
  title =	 {Collaboration Tools for Global Software Engineering},
  journal =	 {IEEE Software},
  volume =	 27,
  issn =	 {0740-7459},
  year =	 2010,
  pages =	 {52-55},
  doi =		 {http://doi.ieeecomputersociety.org/10.1109/MS.2010.39},
  publisher =	 {IEEE Computer Society},
  address =	 {Los Alamitos, CA, USA},
}

@Book{larman04:_apply_uml_patterns,
  author =	 {Craig Larman},
  title =	 {Applying {UML} and Patterns:
		  An Introduction to Object-Oriented Analysis and Design
		  and Iterative Development},
  isbn =	 {978-0131489066},
  month =	 oct,
  year =	 2004,
  publisher =	 {Prentice Hall PTR},
  edition =	 {Third}
}

@Article{lawler81:_scheduling_mp,
  author    = {Eugene L. Lawler and
	       Charles U. Martel},
  title	    = {Scheduling Periodically Occurring Tasks
	       on Multiple Processors},
  journal   = {Inf. Process. Lett.},
  volume    = 12,
  number    = 1,
  year	    = 1981,
  pages	    = {9-12},
  bibsource = {DBLP, http://dblp.uni-trier.de}
}

@InProceedings{lee:_scheduling_hard_aperiodic_tasks,
  author =	 {Lee, Jongwon and
		  Lee, Sungyoung and
		  Kim, Hyungill},
  title =	 {Scheduling of Hard Aperiodic Tasks},
  booktitle =	 {Proceedings of the ACM SIGPLAN Workshop
		  on Languages, Compilers, \& Tools for
		  Real-Time Systems},
  year =	 1995,
  pages =	 {7--19},
  location =	 {La Jolla, California, United States},
  doi =		 {http://doi.acm.org/10.1145/216636.216647},
  publisher =	 {ACM},
  address =	 {New York, NY, USA},
}

@Article{lee:_scheduling_soft_aperiodic_tasks,
  author =	 {Lee, Jongwoon and
		  Lee, Sungyoung
		  and Kim, Hyungill},
  title =	 {Scheduling Soft Aperiodic Tasks
		  in Adaptable Fixed-Priority Systems},
  journal =	 {SIGOPS Operating Systems Review},
  volume =	 30,
  number =	 4,
  year =	 1996,
  issn =	 {0163-5980},
  pages =	 {17--28},
  doi =		 {http://doi.acm.org/10.1145/240799.240802},
  publisher =	 {ACM},
  address =	 {New York, NY, USA},
}

@InProceedings{legrand03:_sched,
  author =	 {A. Legrand and
		  L. Marchal and
		  H. Casanova},
  title =	 {Scheduling Distributed Applications:
		  The {SimGrid} Simulation Framework},
  month =	 may,
  year =	 2003,
  booktitle =	 {Proceedings of the
		  3rd IEEE/ACM International Symposium on
		  Cluster Computing and the Grid},
  isbn =	 {0-7695-1919-9},
  pages =	 {138- 145}
}

@InProceedings{lehoczky89:_exact_rm,
  author =   {Lehoczky, J. and
	      Sha, L. and
	      Ding, Y.},
  title =    {The Rate Monotonic Scheduling Algorithm:
	      Exact Characterization and Average Case Behavior},
  booktitle =  {Proceedings of the
		Real Time Systems Symposium},
  year =     1989,
  month =    dec,
  pages =    {166-171},
  keywords = {performance evaluation, probability, real-time systems,
	      scheduling, stochastic processes, average case behavior,
	      exact characterization, periodic task set,
	      probability distribution, rate monotonic scheduling algorithm,
	      stochastic analysis, task computation},
  doi =	     {10.1109/REAL.1989.63567}
}

@Article{lehoczky95:_scheduling_slack_stealing,
  author =	 {Lehoczky, John P. and
		  Thuel, Sandra R.},
  title =	 {Scheduling Periodic and Aperiodic Tasks Using the
		  Slack Stealing Algorithm},
  book =	 {Advances in Real-Time Systems},
  year =	 1995,
  isbn =	 {0-13-083348-7},
  pages =	 {175--198},
  publisher =	 {Prentice-Hall, Inc.},
  address =	 {Upper Saddle River, NJ, USA},
}

@Book{lewis97:_elemen_theor_comput,
  author =	 {Harry Lewis and
		  Christos H. Papadimitriou},
  title =	 {Elements of the Theory of Computation},
  publisher =	 {Prentice Hall},
  year =	 1997,
  edition =	 {Second}
}

@InProceedings{li94:_rt_objects,
  author =	 {G. Li and
		  J. Bacon},
  title =	 {Supporting Distributed Real-Time Objects},
  booktitle =	 {Proceedings of the Second Workshop on Parallel and
		  Distributed Real-Time Systems},
  month =	 apr,
  year =	 1994,
  pages =	 {138-143}
}

@InProceedings{liu72:_optimal_scheduling_mp,
  author =	 {Liu,, C. L.},
  title =	 {Optimal Scheduling
		  on Multi-Processor Computing Systems},
  booktitle =	 {Proceedings of the 13th Annual Symposium
		  on Switching and Automata Theory},
  year =	 1972,
  pages =	 {155--160},
  doi =		 {http://dx.doi.org/10.1109/SWAT.1972.16},
  publisher =	 {IEEE Computer Society},
  address =	 {Washington, DC, USA},
}

@Article{liu73:_scheduling_alg_mp_hrt_env,
  author =	 {C. L. Liu and
		  James W. Layland},
  title =	 {Scheduling Algorithms for Multiprogramming in a
		  Hard-Real-Time Environment},
  journal =	 {Journal of the ACM},
  volume =	 20,
  number =	 1,
  year =	 1973,
  issn =	 {0004-5411},
  pages =	 {46--61},
  doi =		 {http://doi.acm.org/10.1145/321738.321743},
  publisher =	 {ACM},
  address =	 {New York, NY, USA}
}

@Book{loeliger09:_version_contr,
  author =	 {Jon Loeliger},
  title =	 {Version Control with \texttt{git}:
		  Powerful Tools and Techniques
		  for Collaborative Software Development},
  publisher =	 {O'Reilly},
  year =	 2009
}

@InProceedings{lothar06:_rt_interfaces,
  author =	 {Lothar Thiele and
		  Ernesto Wandeler and
		  Nikolay Stoimenov},
  title =	 {Real-Time Interfaces for Composing Real-Time
		  Systems},
  booktitle =	 {Proceedings of the 6th ACM \& IEEE International
		  Conference on Embedded Software},
  year =	 2006,
  isbn =	 {1-59593-542-8},
  pages =	 {34-43},
  location =	 {Seoul, Korea},
  doi =		 {http://doi.acm.org/10.1145/1176887.1176894},
  publisher =	 {ACM Press},
  address =	 {New York, NY, USA}
}

@Book{love04:_linux_kernel_devel,
  author =	 {Robert Love},
  title =	 {Linux Kernel Development},
  publisher =	 {Sams Publishing},
  year =	 2004
}

@Book{love05:_linux_kernel_devel,
  author =	 {Robert Love},
  title =	 {Linux Kernel Development},
  publisher =	 {Novell Press},
  year =	 2005,
  edition =	 {Second}
}

@Book{lucas06:_pgp_gpg,
  author =	 {Michael W. Lucas},
  title =	 {{PGP} \& {GPG}: Email for the Practical Paranoid},
  publisher =	 {No Starch Press},
  year =	 2006
}

@Book{lutz01:_progr_python,
  author =	 {Mark Lutz},
  title =	 {Programming {Python}},
  publisher =	 {O'Reilly},
  year =	 2001,
  edition =	 {Second}
}

@Book{lutz06:_progr_python,
  author =	 {Mark Lutz},
  title =	 {Programming {Python}},
  publisher =	 {O'Reilly},
  year =	 2006,
  edition =	 {Third}
}

@Book{lynn10:_git_magic,
  author =	 {Ben Lynn},
  title =	 {Git Magic},
  publisher =	 {CreateSpace},
  year =	 2010
}

@Article{malcolm59:_PERT,
  author =	 {Malcolm, D. G and
		  Rosenboom, J, H. and
		  Clark, C. E. and
		  Fazar, W.},
  title =	 {Applications of a Technique for Research and Development
		  Program Evaluation},
  journal =	 {Operations Research},
  year =	 1959,
  volume =	 7,
  number =	 5,
  pages =	 {646-669}
}

@InProceedings{manabe95:_feasibility_algorithm_rm_rt,
  author =	 {Y. Manabe and
		  S. Aoyagi},
  title =	 {A Feasibility Decision Algorithm for Rate Monotonic
		  Scheduling of Periodic Real-Time Tasks},
  booktitle =	 {Proceedings of the
		  Real-Time Technology and Applications Symposium},
  year =	 1995,
  isbn =	 {0-8186-6980-2},
  pages =	 212,
  publisher =	 {IEEE Computer Society},
  address =	 {Washington, DC, USA},
}

@Article{mantegazza00:_RTAI,
  author =	 {P. Mantegazza and
		  E. L. Dozio and
		  S. Papacharalambous},
  title =	 {{RTAI}: {Real} {Time} {Application} {Interface}},
  journal =	 {Linux Journal},
  volume =	 2000,
  number =	 {72es},
  year =	 2000,
  issn =	 {1075-3583},
  pages =	 10,
  publisher =	 {Specialized Systems Consultants, Inc.},
  address =	 {Seattle, WA, USA},
}

@InProceedings{marcantonio03:_ACS_bulk_data,
  author =	 {P. Di Marcantonio and others},
  title =	 {Transmitting Huge Amounts of Data:
		  Design, Implementation and Performance
		  of the Bulk Data Transfer Mechanism in {ALMA} {ACS}},
  booktitle =	 {Proceedings of ICALEPS},
  year =	 2003
}

@InProceedings{marcantonio04:_ACS_sampling,
  author =	 {P. Di Marcantonio and
		  Roberto Cirami and
		  Gianluca Chiozzi},
  title =	 {{ACS} Sampling System:
		  Design, Implementation and Performance Evaluation},
  booktitle =	 {Proceedings of SPIE},
  year =	 2004
}

@Book{martin65:_rt_programming,
  author =	 {James Martin},
  title =	 {Programming Real-Time Computer Systems},
  publisher =	 {Prentice-Hall},
  year =	 1965,
  ISBN =	 0137305079
}

@Book{massa02:_eCos,
  author =	 {Anthony J. Massa},
  title =	 {Embedded Software Development with {eCos}},
  publisher =	 {Prentice Hall},
  year =	 2002,
  series =	 {Bruce Perens' Open Source Series}
}

@Book{matthias05:_runnin_linux,
  author =	 {Matthias Kalle Dalheimer and
		  Matt Welsh},
  title =	 {Running {Linux}},
  publisher =	 {O'Reilly Media},
  year =	 2005,
  edition =	 {Fifth}
}

@InProceedings{maurer99:_rt_control,
  author =	 {John Maurer and
		  Roman Ginis and
		  Richard Freedman and
		  Michael Squadrito and
		  Steven Wohlever and
		  Bhavani Thuraisingham},
  title =	 {Adaptable Real-Time Distributed Object Management
		  for Command and Control Systems},
  booktitle =	 {Proceedings of the Fourth International Symposium on
		  Autonomous Decentralized Systems},
  year =	 1999,
  isbn =	 {0-7695-0137-0},
  pages =	 42,
  publisher =	 {IEEE Computer Society},
  address =	 {Washington, DC, USA}
}

@Book{mcdougall07:_solaris_inter,
  author =	 {Richard McDougall and
		  Jim Mauro},
  title =	 {Solaris Internals:
		  Solaris 10 and {OpenSolaris} Kernel Architecture},
  publisher =	 {Prentice Hall},
  year =	 2007,
  edition =	 {Second}
}

@Book{meeus98:_astronomical_algorithms,
  author =    {Jean H. Meeus},
  title =     {Astronomical Algorithms},
  year =      1998,
  month =     dec,
  isbn =      {0943396611},
  edition =   {2nd},
  publisher = {Willmann-Bell, Incorporated}
}

@Book{mellor85:_modeling_techniques,
  author =	 {Stephen J. Mellor and
		  Paul T. Ward},
  title =	 {Implementation Modeling Techniques},
  publisher =	 {Yourdon Press Computing Series},
  year =	 1985,
  volume =	 3,
  series =	 {Structured Development for Real-Time Systems}
}

@Article{michener08:_common_permis_window_server_window_vista,
  author =	 {John R. Michener},
  title =	 {Common Permissions in {Microsoft} {Windows} {Server} 2008
		  and {Windows} {Vista}},
  journal =	 {IEEE Security and Privacy},
  year =	 2008,
  volume =	 6,
  number =	 3,
  pages =	 {63-67},
  month =	 {May/June}
}

@InProceedings{mishra02:_improv_perfor_distr_corba_apps,
  author =	 {S. Mishra and
		  Nija Shi},
  title =	 {Improving the Performance
		  of Distributed {CORBA} Applications},
  booktitle =	 {Proceedings of the
		  International Parallel and Distributed Processing Symposium},
  pages =	 {36-41},
  year =	 2002,
  doi =		 {10.1109/IPDPS.2002.1015514}
}

@InProceedings{muller00:_rever_engin,
  author =	 {M\"{u}ller, Hausi A. and
		  Jahnke, Jens H. and
		  Smith, Dennis B. and
		  Storey, Margaret-Anne and
		  Tilley, Scott R. and
		  Wong, Kenny},
  title =	 {Reverse Engineering: A Roadmap},
  booktitle =	 {Proceedings of the Conference on
		  the Future of Software Engineering},
  year =	 2000,
  isbn =	 {1-58113-253-0},
  pages =	 {47--60},
  location =	 {Limerick, Ireland},
  doi =		 {http://doi.acm.org/10.1145/336512.336526},
  publisher =	 {ACM},
  address =	 {New York, NY, USA},
 }

@Misc{murders07:_apex_instr_gener_corba_idl_inter,
  author =	 {Murders, D},
  title =	 {{APEX} {Instruments} {Generic} {CORBA} {IDL}
		  {Interfaces}},
  year =	 2007,
  month =	 apr
}

@InProceedings{nagle83:_rt_verification,
  author =	 {John Nagle and
		  Scott Johnson},
  title =	 {Practical Program Verification:
		  Automatic Program Proving for Real-Time Embedded Software},
  booktitle =	 {Proceedings of the 10th ACM SIGACT-SIGPLAN Symposium
		  on Principles of Programming Languages},
  year =	 1983,
  isbn =	 {0-89791-090-7},
  pages =	 {48-58},
  location =	 {Austin, Texas},
  doi =		 {http://doi.acm.org/10.1145/567067.567074},
  publisher =	 {ACM},
  address =	 {New York, NY, USA},
}

@InProceedings{narasimhan02:_fault_tolerant_CORBA,
  author =	 {Priya Narasimhan},
  title =	 {Practical Considerations in Making {CORBA} Services
		  Fault-Tolerant},
  booktitle =	 {Symposium
		  on Object-Oriented Real-Time Distributed Computing},
  year =	 {2002},
  pages =	 {199-206},
  ee =		 {http://computer.org/proceedings/isorc/1558/15580199abs.htm},
  bibsource =	 {DBLP, http://dblp.uni-trier.de}
}

@Book{nemeth10:_unix_linux_system_admin_handb,
  author =	 {Evi Nemeth and
		  Garth Snyder and
		  Trent R. Hein and
		  Ben Whaley},
  title =	 {Unix and {Linux} System Administration Handbook},
  publisher =	 {Prentice Hall},
  year =	 2010,
  edition =	 {Fourth}
}

@Manual{omg:_event_service,
  author =	 {{Object Management Group}},
  title =	 {Event Service Specification},
  year =	 2004,
  month =	 oct,
  organization = {OMG}
}

@Manual{omg:_time_service,
  author =	 {{Object Management Group}},
  title =	 {Time Service Specification},
  year =	 2002,
  month =	 may,
  organization = {OMG}
}

@Manual{omg:_uml_rt,
  author =	 {{Object Management Group}},
  title =	 {{UML} Profile for Schedulability, Performance,
		  and Time Specification},
  year =	 2005,
  month =	 jan,
  organization = {OMG}
}

@Book{osullivan09:_mercurial,
  author =	 {Bryan O'Sullivan},
  title =	 {Mercurial: The Definitive Guide},
  publisher =	 {O'Reilly},
  year =	 2009
}

@Article{ouaknine07:_rt_MITL,
  author =	 {Jo\"el Ouaknine and
		  James Worrell},
  title =	 {On the Decidability and Complexity
		  of {Metric} {Temporal} {Logic} Over Finite Words},
  journal =	 {Logical Methods in Computer Science},
  year =	 2007,
  volume =	 3,
  number =	 1,
  pages =	 {1-27},
  month =	 feb
}

@InProceedings{padioleau07:_semanantic_patches,
  author =	 {Yoann Padioleau and
		  Julia L. Lawall and
		  Gilles Muller},
  title =	 {Semantic Patches,
		  Documenting and Automating Collateral Evolutions
		  in {Linux} Device Drivers},
  booktitle =	 {Ottawa Linux Symposium},
  year =	 2007,
  address =	 {Ottawa, Canada},
  month =	 {jun}
}

@InProceedings{pengelley02:_dances_continuous_discrete,
  author =	 {David J. Pengelley},
  title =	 {Dances Between Continous and Discrete:
		  {Euler's} Summation Formula},
  booktitle =	 {Proceedings of the Euler 2K + 2 Conference},
  year =	 2002,
  editor =	 {Robert Bradley
		  and Ed Sandifer},
  organization = {Euler Society}
}

@InProceedings{plesko02:_ACS,
  author =	 {Mark Plesko and others},
  title =	 {{ACS} -- {The} Advanced Control System},
  booktitle =	 {4th International Workshop on Personal Computers and
		  Particle Accelerator Controls},
  year =	 2002
}

@Manual{plesko05:_baci,
  author =	 {Mark Plesko and
		  Gasper Tkacik and
		  Gianluca Chiozzi},
  title =	 {{ACS} Basic Control Interface Specification},
  year =	 2005,
  month =	 sep,
  organization = {{KGB} Team, Jozef Stefan Institue}
}

@InProceedings{pnueli77:_temporal_logic,
  author =	 {Amir Pnueli},
  title =	 {The Temporal Logic of Programs},
  booktitle =	 {Proceedings of the 18th Annual Symposium on the
		  Foundations of Computer Science},
  year =	 {1977},
  pages =	 {46-57},
  publisher =	 {IEEE Computer Society},
  address =	 {New York}
}

@Article{prechelt00:_empir_compar_seven_progr_languag,
  author =	 {Prechelt, Lutz},
  title =	 {An Empirical Comparison of Seven Programming Languages},
  journal =	 {Computer},
  volume =	 33,
  number =	 10,
  year =	 2000,
  issn =	 {0018-9162},
  pages =	 {23--29},
  doi =		 {http://dx.doi.org/10.1109/2.876288},
  publisher =	 {IEEE Computer Society Press},
  address =	 {Los Alamitos, CA, USA}
}

@Article{rabindra90:_rhealstone,
  author =	 {P. Rabindra},
  title =	 {Implementing the {Rhealstone} Real-Time Benchmark},
  journal =	 {Dr. Dobb's Journal},
  volume =	 15,
  number =	 4,
  year =	 1990,
  issn =	 {1044-789X},
  pages =	 {46-55},
  publisher =	 {CMP Media, Inc.},
  address =	 {USA}
}

@InProceedings{raffi01:_ACS_dist,
  author =	 {Gianni Raffi and
		  Gianluca Chiozzi and
		  Brian Glendenning},
  title =	 {{ALMA} {Common} {Software} ({ACS})
		  as a Basis for a Distributed Software Development},
  booktitle =	 {Proceedings of the 11th
		  Astronomical Data Analysis Software \& Systems Conference},
  year =	 2001,
  volume =	 281,
  pages =	 {103-106},
  isbn =	 {1-58381-124-9}
}

@Manual{raffi05:_acs_tech_req,
  author	= {Gianni Raffi and
		   Brian Glendenning and
		   Joseph Schwarz},
  title		= {{ALMA} {Common} {Software} Technical Requirements},
  year		= 2005,
  month		= sep,
  organization	= {ESO and NRAO},
  edition	= {C}
}

@Article{ramamritham:_sched_alg_and_os_support_rt,
  title =	 {Scheduling Algorithms and Operating Systems Support
		  for Real-Time Systems},
  author =	 {Ramamritham, K. and
		  Stankovic, J.A.},
  journal =	 {Proceedings of the IEEE},
  year =	 1994,
  month =	 jan,
  volume =	 82,
  number =	 1,
  pages =	 {55-67},
  keywords =	 {operating systems (computers), real-time systems,
		  scheduling, time-sharing programscomputer science,
		  dynamic best effort scheduling, dynamic
		  planning-based scheduling, operating systems,
		  operations research, real-time systems, scheduling
		  algorithms, static priority preemptive scheduling,
		  static table-driven scheduling},
  doi =		 {10.1109/5.259426},
  ISSN =	 {0018-9219}
}

@Book{rash05:_IPS,
  author =	 {Michael Brandon Rash and
		  Michael Rash and
		  Angela Orebaugh and
		  Graham Clark and
		  Becky Pinkard},
  title =	 {Intrusion Prevention and Active Response:
		  Deploying Network and Host {IPS}},
  publisher =	 {Syngress},
  year =	 2005
}

@Article{ravindran02:_rt_engineering,
  author =	 {B. Ravindran},
  title =	 {Engineering Dynamic Real-Time Distributed Systems:
		  Architecture, System Description Language,
		  and Middleware},
  journal =	 {IEEE Transactions on Software Engineering},
  volume =	 28,
  number =	 1,
  month =	 jan,
  year =	 2002,
  pages =	 {30-57}
}

@InProceedings{ravindran05:_rt_tuf,
  author =	 {Binoy Ravindran and
		  E. Douglas Jensen and
		  Peng Li},
  title =	 {On Recent Advances in Time/Utility Function
		  Real-Time Scheduling and Resource Management},
  booktitle =	 {Proceedings of the Eighth IEEE International
		  Symposium on Object-Oriented Real-Time Distributed
		  Computing},
  year =	 2005,
  isbn =	 {0-7695-2356-0},
  pages =	 {55-60},
  doi =		 {http://dx.doi.org/10.1109/ISORC.2005.39},
  publisher =	 {IEEE Computer Society},
  address =	 {Washington, DC, USA}
}

@InProceedings{redstone03:_using_comput_diagn_comput_probl,
  author =	 {Joshua A. Redstone and
		  Michael M. Swift and
		  Brian N. Bershad},
  title =	 {Using Computers to Diagnose Computer Problems},
  booktitle =	 {Proceedings of the 9th Conference on
		  Hot Topics in Operating Systems},
  year =	 2003,
  pages =	 {16-16},
  location =	 {Lihue, Hawaii},
  publisher =	 {Usenix Association},
  address =	 {Berkeley, CA, USA},
}

@InProceedings{rostedt07:_linux_rt_patch,
  author =	 {S. Rostedt and
		  D. V. Hart},
  title =	 {Internals of the {RT} Patch},
  booktitle =	 {Proceedings of the Linux Symposium},
  year =	 2007
}

@InProceedings{ruzicka06:_exper_livec_educat_proces,
  author =	 {Jan R\r{u}\v{z}i\u{c}ka and
		  Franti\v{s}ek Kl\'{\i}mek},
  title =	 {Experience with a {LiveCD} in an Education Process},
  booktitle =	 {Proceedings of Geoinformatics FCE CTU},
  pages =	 {64-75},
  year =	 2006,
  month =	 may,
  publisher =	 {Faculty of Civil Engineering,
		  Czech Technical University in Prague}
}

@InProceedings{sahin07:_discr_event_xml_simul_framew,
  author =	 {F. Sahin and
		  M. Jamshidi and
		  P. Sridhar},
  title =	 {A Discrete Event {XML} Based Simulation Framework
		  for System of Systems Architectures},
  month =	 apr,
  year =	 2007,
  booktitle =	 {IEEE International Conference
		  on System of Systems Engineering},
  isbn =	 {1-4244-1160-2},
  pages =	 {1-7}
}

@Article{schmidt00:_rt_CORBA,
  author =	 {Douglas C. Schmidt and
		  Fred Kuhns},
  title =	 {An Overview of the Real-Time {CORBA} Specification},
  journal =	 {Computer},
  volume =	 33,
  number =	 6,
  year =	 2000,
  issn =	 {0018-9162},
  pages =	 {56-63},
  doi =		 {http://dx.doi.org/10.1109/2.846319},
  publisher =	 {IEEE Computer Society Press},
  address =	 {Los Alamitos, CA, USA}
}

@InProceedings{schmidt02:_OS_performance_rtmiddle,
  author =	 {Schmidt, D.C. and
		  Deshpande, M. and
		  O'Ryan, C.},
  title =	 {Operating System Performance
		  in Support of Real-Time Middleware},
  journal =	 {Proceedings of the Seventh International Workshop on
		  Object-Oriented Real-Time Dependable Systems},
  year =	 2002,
  pages =	 {199-206},
  doi =		 {10.1109/WORDS.2002.1000053}
}

@InProceedings{schmidt92:_hexapod,
  author =	 {T. Schmidt-Kaler},
  title =	 {The {Hexapod} {Telescope}:
		  A New Way to Very Large Telescopes},
  booktitle =	 {Progress in Telescope and Instrumentation Technologies},
  year =	 1992,
  editor =	 {M.-H. Ulrich},
  pages =	 {117-+},
  adshowpublished = {\texttt{http://adsabs.harvard.edu/abs/1992ptit.conf..117S}},
  adsnote =	 {Provided by the SAO/NASA Astrophysics Data System}
}

@InProceedings{schmidt99:_rt_middlewares,
  author =	 {Douglas C. Schmidt},
  title =	 {Middleware Techniques and Optimizations for
		  Real-Time, Embedded Systems},
  booktitle =	 {Proceedings of the 12th International Symposium on
		  System Synthesis},
  year =	 1999,
  isbn =	 {0-7695-0356-X},
  pages =	 12,
  publisher =	 {IEEE Computer Society},
  address =	 {Washington, DC, USA}
}

@InProceedings{schwarz08:_ACS_trenches,
  author =    {J. Schwarz and
	       H. Sommer and
	       B. Jeram and
	       M. Sekoranja and
	       G. Chiozzi and
	       A. Grimstrup and
	       A. Capronia and
	       C. Paredes and
	       E. Allaert and
	       S. Harrington and
	       S. Turolla and
	       R. Cirami},
  title =     {The {ALMA} {Common} {Software} -- Dispatch from the Trenches},
  month =     jun,
  year =      2008,
  booktitle = {Proceedings of SPIE},
  series =    {Advanced Software and Control for Astronomy},
  volume =    7019,
  doi =	      {http://dx.doi.org/10.1117/12.787594}
}

@PhdThesis{segala95:_rt_modeling,
  author =	 {Roberto Segala},
  title =	 {Modeling and Verification of Randomized Distributed
		  Real-Time Systems},
  school =	 {Laboratory for Computer Science, Massachusetts
		  Institute of Technology},
  year =	 1995
}

@InProceedings{serbedzija92:_rt_dist_prog,
  author =	 {N. B. Serbedzija and
		  S. Jahnichen},
  title =	 {High-Level Real-Time Distributed Programming},
  booktitle =	 {Proceedings of the Third Workshop
		  on Future Trends of Distributed Computing Systems},
  month =	 apr,
  year =	 1992,
  pages =	 {72-78}
}

@InProceedings{sertic03:_rt_UML,
  author =	 {H. Sertic and
		  F. Rus and
		  R. Rac},
  title =	 {{UML} for Real-Time Device Driver Development},
  booktitle =	 {Proceedings of the 7th International Conference on
		  Telecommunications},
  month =	 jun,
  year =	 2003,
  pages =	 {631-636}
}

@Article{shin08:_compositional_rt_scheduling_framework,
  author =	 {Shin, Insik and
		  Lee, Insup},
  title =	 {Compositional Real-Time Scheduling Framework with
		  Periodic Model},
  journal =	 {Transactions on Embedded Computing Systems},
  volume =	 7,
  number =	 3,
  year =	 2008,
  issn =	 {1539-9087},
  pages =	 {1--39},
  doi =		 {http://doi.acm.org/10.1145/1347375.1347383},
  publisher =	 {ACM},
  address =	 {New York, NY, USA},
}

@Book{shoup09:_comput_introd_number_theor_algeb,
  author =	 {Victor Shoup},
  title =	 {A Computational Introduction to Number Theory and Algebra},
  publisher =	 {Cambridge University Press},
  year =	 2009,
  edition =	 {Second}
}

@InProceedings{shrivastava06:_model_analy_desig_compl_qualit,
  author =	 {A. K. Shrivastava and
		  Y. Ding and
		  J. Coody and
		  F. Niu and
		  D. Ceglarek},
  title =	 {Modeling, Analysis and Design
		  of Complex Quality Testing Systems
		  using a Hierarchical Simulation Framework},
  month =	 apr,
  year =	 2006,
  booktitle =	 {Proceedings of the IEEE International Conference
		  on Networking, Sensing and Control},
  isbn =	 {1-4244-0065-1},
  pages =	 {691-696}
}

@Book{siewert06:_rt_systems,
  author =	 {Sam Siewert},
  title =	 {Real-Time Embedded Components and Systems
		  (Computer Engineering)},
  year =	 2006,
  isbn =	 1584504684,
  publisher =	 {Charles River Media, Inc.},
  address =	 {Rockland, MA, USA}
}

@Book{silberschatz02;_operating_system,
  author =	 {Abraham Silberschatz and
		  Peter Galvin and
		  Greg Gagne},
  title =	 {Operating System Concepts},
  publisher =	 {John Wiley},
  year =	 2002,
  edition =	 {sixth},
  isbn =	 {0-471-41743-2},
  bibsource =	 {DBLP, http://dblp.uni-trier.de}
}

@Book{silberschatz04:_operating_system,
  author =	 {Avi Silberschatz and
		  Peter Baer Galvin and
		  Greg Gagne},
  title =	 {Operating System Concepts},
  publisher =	 {John Wiley},
  edition =	 {Seventh},
  year =	 2004
}

@Book{sipser05:_introd_theor_comput,
  author =	 {Michael Sipser},
  title =	 {Introduction to the Theory of Computation},
  publisher =	 {Course Technology},
  year =	 2005,
  edition =	 {Second}
}

@Book{snyder06:_linux_admin_handb,
  author =	 {Garth Snyder and
		  Evi Nemeth and
		  Trent R. Hein},
  title =	 {{Linux} Administration Handbook},
  publisher =	 {Prentice Hall},
  year =	 2006,
  edition =	 {Second}
}

@Book{stahnke05:_pro_openssh,
  author =	 {Michael Stahnke},
  title =	 {Pro {OpenSSH}},
  publisher =	 {Apress},
  year =	 2005
}

@Book{stallings07:_data_comput_commun,
  author =	 {William Stallings},
  title =	 {Data and Computer Communications},
  publisher =	 {Prentice Hall},
  year =	 2007,
  edition =	 {Eighth}
}

@Book{stallings09:_operat_system,
  author =	 {William Stallings},
  title =	 {Operating Systems: Internals and Design},
  publisher =	 {Prentice Hall},
  year =	 2009,
  edition =	 {Sixth}
}

@Article{stankovic96:_rt_directions,
  author =	 {John A. Stankovic},
  title =	 {Strategic Directions in Real-Time and Embedded Systems},
  journal =	 {ACM Computing Surveys},
  volume =	 28,
  number =	 4,
  year =	 1996,
  issn =	 {0360-0300},
  pages =	 {751-763},
  doi =		 {http://doi.acm.org/10.1145/242223.242291},
  publisher =	 {ACM Press},
  address =	 {New York, NY, USA}
}

@Article{stankovic96:_rt_systems,
  author =	 {John A. Stankovic},
  title =	 {Real-Time and Embedded Systems},
  journal =	 {ACM Computing Surveys},
  volume =	 28,
  number =	 1,
  year =	 1996,
  issn =	 {0360-0300},
  pages =	 {205-208},
  doi =		 {http://doi.acm.org/10.1145/234313.234400},
  publisher =	 {ACM Press},
  address =	 {New York, NY, USA}
}

@Book{swicegood08:_git,
  author =	 {Travis Swicegood},
  title =	 {Pragmatic Version Control Using \texttt{git}},
  publisher =	 {Pragmatic Bookshelf},
  year =	 2008
}

@InProceedings{tang91:_towards_OO_sim,
  author =	 {Ming Xi Tang and
		  T. Smithers},
  title =	 {Towards Object-Oriented Simulation},
  month =	 mar,
  year =	 1991,
  booktitle =	 {IEEE Colloquium on
		  Object-Oriented Simulation and Control},
  pages =	 {7/1-7/4}
}

@Article{tarenghi08:_ALMA_status,
  author =	 {Massimo Tarenghi},
  title =	 {The {Atacama} {Large} {Millimeter}/Submillimeter {Array}:
		  Overview \& Status},
  journal =	 {Astrophysics and Space Science},
  volume =	 313,
  number =	 {1-3},
  month =	 jan,
  year =	 2008,
  pages =	 {1-7}
}

@Article{taylor95:_ring_theor_proper_hecke_alg,
  author =	 {Taylor, Richard and
		  Wiles, Andrew},
  title =	 {Ring Theoretic Properties of Certain {Hecke} Algebras},
  journal =	 {Annals of Mathematics},
  year =	 1995,
  volume =	 141,
  number =	 3,
  pages =	 {553-572},
  doi =		 {doi:10.2307/2118560}
}

@Article{terraza02:_linux_rt_flexible,
  author =	 {Andr{\'e}s Terrasa and
		  Ana Garc\'{\i}a-Fornes and
		  Vicente J. Botti},
  title =	 {Flexible Real-Time {Linux}*:
		  A Flexible Hard Real-Time Environment},
  journal =	 {Real-Time Systems},
  volume =	 22,
  number =	 {1-2},
  year =	 2002,
  pages =	 {151-173},
  bibsource =	 {DBLP, http://dblp.uni-trier.de}
}

@InProceedings{traut07:_rtcorba_rt_preempt,
  author =	 {Manuel Traut},
  title =	 {Real-Time {CORBA} Performance on {Linux}-{RT\_PREEMPT}},
  booktitle =	 {9th Real-Time Linux Workshop},
  month =	 nov,
  year =	 2007,
  location =	 {Linz, Austria}
}

@InProceedings{tuma01:_CORBA_bechmarking,
  author =	 {Petr Tuma and
		  Adam Buble},
  title =	 {Open {CORBA} Benchmarking},
  booktitle =	 {Proceedings of SPECTS},
  year =	 2001
}

@Article{valette89:_monitoring_with_petri_nets,
  author =	 {Valette, R. and
		  Cardoso, J. and
		  Dubois, D.},
  title =	 {Monitoring Manufacturing Systems by Means of {Petri}
		  Nets with Imprecise Markings},
  journal =	 {Proceedings of the IEEE International Symposium on
		  Intelligent Control},
  year =	 1989,
  month =	 sep,
  pages =	 {233-238},
  keywords =	 {Petri nets, computerised monitoring, flexible
		  manufacturing systems Petri nets, control, flexible
		  manufacturing systems, fuzzy enabling, fuzzy firing
		  date, imprecise markings, manufacturing systems
		  monitoring},
  doi =		 {10.1109/ISIC.1989.238688}
}

@Book{venkateswaran08:_esenc_linux_dev_driver,
  author =	 {Sreekrishnan Venkateswaran},
  title =	 {Essential {Linux} Device Drivers},
  publisher =	 {Prentice Hall},
  year =	 2008,
  series =	 {Open Source Software Development Series}
}

@InProceedings{visser01:_asurvey,
  author =	 {Eelco Visser},
  title =	 {A Survey of Rewriting Strategies in Program
		  Transformation Systems},
  booktitle =	 {Workshop on
		  Reduction Strategies in Rewriting and Programming},
  year =	 2001,
  volume =	 57,
  series =	 {Electronic Notes in Theoretical Computer Science},
  publisher =	 {Elsevier Science Publishers}
}

@Book{wall00:_progr_perl,
  author =	 {Larry Wall and
		  Tom Christiansen and
		  Jon Orwant},
  title =	 {Programming {Perl}},
  publisher =	 {O'Reilly},
  year =	 2000,
  edition =	 {Third}
}

@Book{wall92:_progr_perl,
  author =	 "Larry Wall and
		  Randall L. Schwartz",
  title =	 "Programming {Perl}",
  publisher =	 {O'Reilly},
  year =	 1992
}

@InProceedings{wang04:_sflow,
  author =	{Mea Wang and
		 Baochun Li and
		 Zongpeng Li},
  title =	{{sFlow}: Towards Resource-Efficient and Agile
		 Service Federation in Service Overlay Networks},
  booktitle =	{Proceedings of the 24th International Conference on
		 Distributed Computing Systems},
  year =	2004,
  pages =	{628-635},
  isbn =	{0-7695-2086-3}
 }

@Book{ward85:_rt_modeling,
  author =	 {Stephen J. Mellor and
		  Paul T. Ward},
  title =	 {Essential Modeling Techniques},
  publisher =	 {Yourdon Press Computing Series},
  year =	 1986,
  volume =	 2,
  series =	 {Structured Development for Real-Time Systems}
}

@Book{ward85:_rt_tools,
  author =	 {Stephen J. Mellor and
		  Paul T. Ward},
  title =	 {Introduction and Tools},
  publisher =	 {Yourdon Press Computing Series},
  year =	 1986,
  volume =	 1,
  series =	 {Structured Development for Real-Time Systems}
}

@Book{warkus04:_official_gnome2_guide,
  author =	 {Matthias Warkus},
  title =	 {The Official {GNOME} 2 Developer's Guide},
  publisher =	 {No Starch Press},
  year =	 2004
}

@InProceedings{watson03:_trust_mac_framew,
  author =	 {Robert Watson and
		  Wayne Morrison and
		  Chris Vance and
		  Brian Feldman},
  title =	 {The {TrustedBSD} {MAC} Framework:
		  Extensible Kernel Access Control for {FreeBSD} 5.0},
  booktitle =	 {Proceedings of the
		  Usenix Annual Technical Conference, FREENIX Track},
  pages =	 {285-296},
  year =	 2003
}

@InProceedings{wellings90:_rt_requirements,
  author =	 {A. J. Wellings},
  title =	 {Real-Time Requirements},
  booktitle =	 {Proceedings of the Fourth International Workshop on
		  Real-Time Ada Issues},
  year =	 1990,
  isbn =	 {0-89791-375-2},
  pages =	 {1-16},
  location =	 {Pitlochry, Perthshir, Scotland},
  doi =		 {http://doi.acm.org/10.1145/102454.102458},
  publisher =	 {ACM Press},
  address =	 {New York, NY, USA},
}

@InProceedings{wiederman90:_rt_benchmarking,
  author =	 {Nelson Weiderman and
		  Patrick Donohoe and
		  Ruth Shapiro},
  title =	 {Benchmarking for Deadline-Driven Computing},
  booktitle =	 {Proceedings of the Conference on TRI-Ada},
  year =	 1990,
  isbn =	 {0-89791-409-0},
  pages =	 {254-264},
  location =	 {Baltimore, Maryland, United States},
  doi =		 {http://doi.acm.org/10.1145/255471.255533},
  publisher =	 {ACM},
  address =	 {New York, NY, USA}
}

@Article{wiles95:_modul_ellip_curves_Fermat,
  author =	 {Wiles, Andrew},
  title =	 {Modular Elliptic Curves and {Fermat}'s Last Theorem},
  journal =	 {Annals of Mathematics},
  year =	 1995,
  volume =	 141,
  number =	 3,
  pages =	 {443-551},
  doi =		 {doi:10.2307/2118569}
}

@Book{wilf06:_gfology,
  author =	 {Herbert S. Wilf},
  title =	 {Generatingfunctionology},
  publisher =	 {A. K. Peters, Ltd.},
  year =	 2006,
  edition =	 {Third}
}

@InProceedings{wilhelm00:_modul_vlti,
  author =	 {R. Wilhelm and
		  B. Koehler},
  title =	 {Modular Toolbox for Dynamic Simulation of
		  Astronomical Telescopes and its Application to the
		  {VLTI}},
  month =	 mar,
  year =	 2000,
  booktitle =	 {Proceedings of SPIE},
  series =	 {Interferometry in Optical Astronomy},
  volume =	 4006,
  pages =	 {124-135}
}

@Manual{xopen:_time_service,
  author =	 {{X}/Open Company Ltd.},
  title =	 {Time Services Specification},
  year =	 1994,
  month =	 nov,
  isbn =	 {1-85912-067-9},
  organization = {X/Open}
}

@Article{yalcin05:_objec_orien_simul_framew_realtime,
  author =	 {Ali Yalcin and
		  Ravi Kalyan Namballa},
  title =	 {An Object-Oriented Simulation Framework
		  for Real-Time Control
		  of Automated Flexible Manufacturing Systems},
  month =	 jan,
  year =	 2005,
  journal =	 {Computers \& Industrial Engineering},
  series =	 {Selected Papers from the 31st. International Conference on
		  Computers and Industrial Engineering},
  volumen =	 48,
  number =	 1,
  pages =	 {111-127},
  publisher =	 {Elsevier B.V.},
  doi =		 {\url{http://dx.doi.org/10.1016/j.cie.2004.07.010}}
}

@InProceedings{yamasaki04:_rt_control,
  author =	 {N. Yamasaki},
  title =	 {Responsive Multithreaded Processor
		  for Distributed Real-Time Control},
  booktitle =	 {Proceedings of the 8th IEEE International Workshop on
		  Advanced Motion Control},
  year =	 2004,
  month =	 mar,
  pages =	 {457-462}
}

@Article{yodaiken97:_rt_linux,
  author =	 {Michael Barabanov and
		  Victor Yodaiken},
  title =	 {Introducing Real-Time {Linux}},
  journal =	 {Linux Journal},
  volume =	 1997,
  number =	 {34es},
  year =	 1997,
  issn =	 {1075-3583},
  pages =	 5,
  publisher =	 {Specialized Systems Consultants, Inc.},
  address =	 {Seattle, WA, USA}
}

@InProceedings{zagar03:_ACS_overview,
  author =	 {Klemen Zagar and others},
  title =	 {{ACS} -- {Overview} of Technical Features},
  booktitle =	 {Proceedings of ICALEPS},
  year =	 2003
}

@InProceedings{zagar05:_ACS_dist,
  author =	 {Klemen Zagar and others},
  title =	 {{ACS} as a Dependable Distributed System},
  booktitle =	 {5th International Workshop on
		  Personal Computers and Particle Accelerator Controls},
  year =	 2005
}

@Book{zeigler00:_theor_model_simul,
  author =	 {Bernard P. Zeigler and
		  Tag Gon Kim and
		  Herbert Praehofer},
  title =	 {Theory of Modeling and Simulation},
  isbn =	 {978-0127784557},
  month =	 mar,
  year =	 2000,
  publisher =	 {Academic Press},
  edition =	 {Second}
}

@InProceedings{zeigler95:_devs_framew_model_simul_analy,
  author =	 {Bernard P. Zeigler and
		  Hae Sang Song and
		  Tag Gon Kim and
		  Herbert Praehofer},
  title =	 {{DEVS} Framework for Modelling, Simulation, Analysis,
		  and Design of Hybrid Systems},
  year =	 1995,
  booktitle =	 {978-3-540-60472-3},
  volume =	 {999/1995},
  pages =	 {529-551},
  doi =		 {\url{http://dx.doi.org/10.1007/3-540-60472-3}}
}

@InProceedings{zeigler97:_devs_envir_high_perfor_model_simul,
  author =	 {Bernard P. Zeigler and
		  Yoonkeon Moon and
		  Doohwan Kim and
		  George Ball},
  title =	 {The {DEVS} Environment for High-Performance Modeling
		  and Simulation},
  month =	 sep,
  year =	 1997,
  booktitle =	 {IEEE Computational Science and Engineering},
  volume =	 04,
  number =	 3,
  pages =	 {61-71},
  doi =		 {\url{http://doi.ieeecomputersociety.org/10.1109/99.615432}}
}

@InProceedings{zeigler98:_distr_real_time_simul,
  author =	 {B. Zeigler},
  title =	 {Distributed/Real Time Simulation:
		  Integrating Legacy and Modern Codes},
  month =	 jul,
  year =	 1998,
  booktitle =	 {International Conference on Environmental Systems}
}

@InProceedings{zeigler99:_distr_devs_corba,
  author =	 {Bernard P. Zeigler and
		  Doohwan Kim and
		  Stephen J. Buckley},
  title =	 {Distributed Supply Chain Simulation in a {DEVS/CORBA}
		  Execution Environment},
  year =	 1999,
  booktitle =	 {Proceedings of the 31st Conference on
		  Winter Simulation:
		  Simulation -- A Bridge to the Future},
  isbn =	 {0-7803-5780-9},
  volume =	 02,
  pages =	 {1333-1340},
  doi =		 {\url{http://doi.acm.org/10.1145/324898.325274}}
}

@InProceedings{zeroual03:_distributed_propagation,
  author =	 {Zeroual, K.},
  title =	 {An Open Distributed Request Propagation Approach
		  for Trading Services},
  booktitle =	 {International Conference on
		  Machine Learning and Cybernetics},
  year =	 2003,
  isbn =	 {0-7803-7865-2}  ,
  volume =	 5,
  pages =	 {3253--3258},
  publisher =	 {IEEE}
}

@InProceedings{zhang06:_rtai_rthal-adeos_comparisson,
  author =	 {Guoyin Zhang and
		  Luyuan Chen and
		  Aihong Yao},
  title =	 {Study and Comparison of the {RTHAL}-Based and
		  {ADEOS}-Based {RTAI} Real-Time Solutions for
		  {Linux}},
  booktitle =	 {Proceedings of the First International Multi-Symposiums on
		  Computer and Computational Sciences -- Volume 2},
  year =	 2006,
  isbn =	 {0-7695-2581-4},
  pages =	 {771--775},
  doi =		 {http://dx.doi.org/10.1109/IMSCCS.2006.272},
  publisher =	 {IEEE Computer Society},
  address =	 {Washington, DC, USA},
}
