@TechReport{avarias07:_raes,
  author =	 {Jorge Avarias},
  title =	 {Repackaging {ACS} for Embedded Systems},
  institution =	 {Departamento de Inform\'atica,
                  Universidad T\'ecnica
                  Federico Santa Mar\'\i a},
  year =	 2007,
  number =	 {12/2007}
}

@TechReport{hoffstadt08:_techlivecd,
  author =       {Arturo Hoffstadt and
                  Cristian Maureira and
                  Sergio Morales and
                  Gabriel Zamora and
                  Ignacio Villacura and
                  Brand, Horst H. von},
  title =        {Dise\~no de un {LiveCD}
                  para Reparaci\'on de Sistemas Operativos Da\~nados},
  institution =  {Departamento de Inform\'atica,
                  Universidad T\'ecnica
                  Federico Santa Mar\'\i a},
  year =         2008,
  number =       {07/2008}
}

@TechReport{ araya07:_rt_sytems,
	title = {Working with {Real}-{Time} Systems},
	author = {Mauricio Araya},
	institution = {Departamento de Inform{\'a}tica, Universidad T{\'e}cnica Federico Santa Mar{\'i}a},
	number = {2007/13},
	year = 2007
}

@TechReport{ tobar07:_csat,
	title = {{Control} {System} for an {Amateur} {Telescope}},
	author = {Rodrigo Tobar},
	institution = {Departamento de Inform{\'a}tica, Universidad T{\'e}cnica Federico Santa Mar{\'i}a},
	number = {2007/11},
	year = 2007
}

@TechReport{ tobar07:_celestron,
	title = {{Celestron} {Nexstar} 4 {SE} Control},
	author = {Rodrigo Tobar},
	institution = {Departamento de Inform{\'a}tica, Universidad T{\'e}cnica Federico Santa Mar{\'i}a},
	number = {2007/10},
	year = 2007
}

@TechReport{ araya07:_acs_programming_policy,
	title = {A Secure Programming Policy for {Alma} {Common} {Software}},
	author = {Mauricio Araya},
	institution = {Departamento de Inform{\'a}tica, Universidad T{\'e}cnica Federico Santa Mar{\'i}a},
	number = {2007/09},
	year = 2007
}

@TechReport{ mora07:_acs_audit,
	title = {{ACS} Source Code Audit - Final Report},
	author = {Matias Mora},
	institution = {Departamento de Inform{\'a}tica, Universidad T{\'e}cnica Federico Santa Mar{\'i}a},
	number = {2007/08},
	year = 2007
}

@TechReport{ guajardo08:_hevelius_report,
	title = {Una Aplicaci{\'o}n Astron{\'o}mica enfocada a la Educaci{\'o}n a trav{\'e}s de una Plataforma de Control de Telescopios Distribuida},
	author = {Carlos Guajardo and Tom{\'a}s Staig},
	institution = {Departamento de Inform{\'a}tica, Universidad T{\'e}cnica Federico Santa Mar{\'i}a},
	number = {2008/02},
	year = 2008
}
